[{"type": "trade", "source": "Binance", "user": "HT2424", "price": 176.3278598018487, "vol_usd": 5196.989999999998, "timestamp": 1764029357.941943}, {"type": "trade", "source": "Binance", "user": "Gitsini", "price": 176.3278598018487, "vol_usd": 258.47000000000116, "timestamp": 1764029357.94198}, {"type": "trade", "source": "Binance", "user": "M E N H A A J _ 1", "price": 176.3278598018487, "vol_usd": 74.27000000000044, "timestamp": 1764029357.9419928}, {"type": "trade", "source": "Binance", "user": "McM p7", "price": 176.3278598018487, "vol_usd": 38082.259999999995, "timestamp": 1764029357.9420128}, {"type": "trade", "source": "Binance", "user": "SKY-blue77", "price": 176.3278598018487, "vol_usd": 21814.90999999999, "timestamp": 1764029357.9420254}, {"type": "trade", "source": "Binance", "user": "MAYA-Bit", "price": 176.3278598018487, "vol_usd": 18462.130000000005, "timestamp": 1764029357.942052}, {"type": "trade", "source": "Binance", "user": "Aslam72", "price": 176.3278598018487, "vol_usd": 9216.869999999995, "timestamp": 1764029357.942064}, {"type": "trade", "source": "Binance", "user": "ETHO  KENYAA", "price": 176.3278598018487, "vol_usd": 1300.0699999999997, "timestamp": 1764029357.942078}, {"type": "trade", "source": "Binance", "user": "Always-trade", "price": 176.3278598018487, "vol_usd": 1304771.33, "timestamp": 1764029357.9420998}, {"type": "trade", "source": "Binance", "user": "Amana_Traders ", "price": 176.3278598018487, "vol_usd": 8264.689999999988, "timestamp": 1764029357.9421148}, {"type": "trade", "source": "Binance", "user": "The Flash ETB ", "price": 176.3278598018487, "vol_usd": 18154.520000000004, "timestamp": 1764029357.942163}, {"type": "trade", "source": "Binance", "user": "MAYA-Bit", "price": 176.3278598018487, "vol_usd": 2047.1000000000058, "timestamp": 1764029357.9421923}, {"type": "trade", "source": "Binance", "user": "MAYA-Bit", "price": 176.3278598018487, "vol_usd": 66739.64, "timestamp": 1764029357.9422014}, {"type": "trade", "source": "Binance", "user": "REAL-MONEY", "price": 176.33468685615986, "vol_usd": 329.90000000000146, "timestamp": 1764030436.1692154}, {"type": "trade", "source": "Binance", "user": "HT2424", "price": 176.32468545596385, "vol_usd": 4991.379999999997, "timestamp": 1764030436.1692474}, {"type": "trade", "source": "Binance", "user": "McM p7", "price": 176.32468545596385, "vol_usd": 38082.259999999995, "timestamp": 1764030436.1692712}, {"type": "trade", "source": "Binance", "user": "SKY-blue77", "price": 176.32468545596385, "vol_usd": 21814.90999999999, "timestamp": 1764030436.1692817}, {"type": "trade", "source": "Binance", "user": "Aslam72", "price": 176.32468545596385, "vol_usd": 9196.919999999998, "timestamp": 1764030436.1693077}, {"type": "trade", "source": "Binance", "user": "ETHO  KENYAA", "price": 176.32468545596385, "vol_usd": 1300.0699999999997, "timestamp": 1764030436.169316}, {"type": "trade", "source": "Binance", "user": "Always-trade", "price": 176.32468545596385, "vol_usd": 1304771.33, "timestamp": 1764030436.1693335}, {"type": "trade", "source": "Binance", "user": "Amana_Traders ", "price": 176.32468545596385, "vol_usd": 8264.689999999988, "timestamp": 1764030436.1693475}, {"type": "trade", "source": "Binance", "user": "Ambasel ", "price": 176.32468545596385, "vol_usd": 148182.56999999998, "timestamp": 1764030436.1693926}, {"type": "trade", "source": "Binance", "user": "daily hustler ", "price": 175.5745804412618, "vol_usd": 17722.190000000002, "timestamp": 1764030436.1694715}, {"type": "trade", "source": "Binance", "user": "daily hustler ", "price": 175.5745804412618, "vol_usd": 4761.830000000002, "timestamp": 1764030436.1694891}, {"type": "trade", "source": "Binance", "user": "Eye-Trader", "price": 174.63444882283522, "vol_usd": 866.6000000000004, "timestamp": 1764030436.169589}, {"type": "trade", "source": "Binance", "user": "ETHIO USD", "price": 174.63444882283522, "vol_usd": 778.3099999999977, "timestamp": 1764030436.169606}, {"type": "trade", "source": "Binance", "user": "ETHIO USD", "price": 174.63444882283522, "vol_usd": 3982.779999999999, "timestamp": 1764030436.169615}]