[{"type": "trade", "source": "Binance", "user": "ETHIO_TRADER_01", "price": 176.34421077689072, "vol_usd": 113.43000000000029, "timestamp": 1764045909.9101145}, {"type": "trade", "source": "Binance", "user": "REAL-MONEY", "price": 176.34421077689072, "vol_usd": 29.950000000000728, "timestamp": 1764045909.9101534}, {"type": "trade", "source": "Binance", "user": "M E N H A A J _ 1", "price": 176.3342088365143, "vol_usd": 1312.9300000000003, "timestamp": 1764045909.9101737}, {"type": "trade", "source": "Binance", "user": "SPECIAL-GIFT", "price": 176.3342088365143, "vol_usd": 546.4099999999999, "timestamp": 1764045909.9101815}, {"type": "trade", "source": "Binance", "user": "AaaaaaaaFast", "price": 176.3342088365143, "vol_usd": 5.94999999999709, "timestamp": 1764045909.9101892}, {"type": "trade", "source": "Binance", "user": "McM p7", "price": 176.3342088365143, "vol_usd": 42601.31999999999, "timestamp": 1764045909.9101942}, {"type": "trade", "source": "Binance", "user": "SKY-blue77", "price": 176.3342088365143, "vol_usd": 21814.90999999999, "timestamp": 1764045909.910204}, {"type": "trade", "source": "Binance", "user": "Aslam72", "price": 176.3342088365143, "vol_usd": 9269.14, "timestamp": 1764045909.9102237}, {"type": "trade", "source": "Binance", "user": "ETHO  KENYAA", "price": 176.3342088365143, "vol_usd": 1300.0699999999997, "timestamp": 1764045909.9102387}, {"type": "trade", "source": "Binance", "user": "Always-trade", "price": 176.3342088365143, "vol_usd": 1304791.3299999998, "timestamp": 1764045909.9102542}, {"type": "trade", "source": "Binance", "user": "Amana_Traders ", "price": 176.3342088365143, "vol_usd": 8264.689999999988, "timestamp": 1764045909.9102693}, {"type": "trade", "source": "Binance", "user": "Ambasel ", "price": 176.3342088365143, "vol_usd": 148160.06999999998, "timestamp": 1764045909.9103227}, {"type": "trade", "source": "Binance", "user": "daily hustler ", "price": 175.58406330828183, "vol_usd": 17722.190000000002, "timestamp": 1764045909.9103806}, {"type": "trade", "source": "Binance", "user": "daily hustler ", "price": 175.58406330828183, "vol_usd": 4761.830000000002, "timestamp": 1764045909.910398}, {"type": "trade", "source": "Binance", "user": "Eye-Trader", "price": 174.64388091289712, "vol_usd": 866.6000000000004, "timestamp": 1764045909.9105048}, {"type": "trade", "source": "Binance", "user": "ETHIO USD", "price": 174.64388091289712, "vol_usd": 778.3099999999977, "timestamp": 1764045909.910523}, {"type": "trade", "source": "Binance", "user": "ETHIO USD", "price": 174.64388091289712, "vol_usd": 3982.779999999999, "timestamp": 1764045909.9105308}, {"type": "trade", "source": "Binance", "user": "AaaaaaaaFast", "price": 176.3486722335365, "vol_usd": 44.66000000000349, "timestamp": 1764046455.6832757}, {"type": "trade", "source": "Binance", "user": "McM p7", "price": 176.3486722335365, "vol_usd": 42601.31999999999, "timestamp": 1764046455.6833117}, {"type": "trade", "source": "Binance", "user": "SKY-blue77", "price": 176.3486722335365, "vol_usd": 21814.90999999999, "timestamp": 1764046455.683324}, {"type": "trade", "source": "Binance", "user": "sayid12", "price": 176.3486722335365, "vol_usd": 16.349999999998545, "timestamp": 1764046455.68343}, {"type": "trade", "source": "Binance", "user": "Aslam72", "price": 176.3486722335365, "vol_usd": 9269.14, "timestamp": 1764046455.6834507}, {"type": "trade", "source": "Binance", "user": "ETHO  KENYAA", "price": 176.3486722335365, "vol_usd": 1300.0699999999997, "timestamp": 1764046455.6834667}, {"type": "trade", "source": "Binance", "user": "Always-trade", "price": 176.3486722335365, "vol_usd": 1304791.3299999998, "timestamp": 1764046455.6834826}, {"type": "trade", "source": "Binance", "user": "Amana_Traders ", "price": 176.3486722335365, "vol_usd": 8264.689999999988, "timestamp": 1764046455.6834977}, {"type": "trade", "source": "Binance", "user": "real_cryptoo", "price": 176.3486722335365, "vol_usd": 90.75, "timestamp": 1764046455.6835394}, {"type": "trade", "source": "Binance", "user": "Ambasel ", "price": 176.3486722335365, "vol_usd": 148155.72, "timestamp": 1764046455.6835713}, {"type": "trade", "source": "Binance", "user": "nsri", "price": 176.3486722335365, "vol_usd": 8.5, "timestamp": 1764046455.6835833}, {"type": "trade", "source": "Binance", "user": "daily hustler ", "price": 175.59846517638871, "vol_usd": 17722.190000000002, "timestamp": 1764046455.6836326}, {"type": "trade", "source": "Binance", "user": "daily hustler ", "price": 175.59846517638871, "vol_usd": 4761.830000000002, "timestamp": 1764046455.6836436}, {"type": "trade", "source": "Binance", "user": "Eye-Trader", "price": 174.6582056647635, "vol_usd": 866.6000000000004, "timestamp": 1764046455.683744}, {"type": "trade", "source": "Binance", "user": "ETHIO USD", "price": 174.6582056647635, "vol_usd": 778.3099999999977, "timestamp": 1764046455.6837547}, {"type": "trade", "source": "Binance", "user": "ETHIO USD", "price": 174.6582056647635, "vol_usd": 3982.779999999999, "timestamp": 1764046455.6837595}, {"type": "trade", "source": "Binance", "user": "McM p7", "price": 176.33861815737646, "vol_usd": 42601.31999999999, "timestamp": 1764046925.878772}, {"type": "trade", "source": "Binance", "user": "SKY-blue77", "price": 176.33861815737646, "vol_usd": 21864.86, "timestamp": 1764046925.878803}, {"type": "trade", "source": "Binance", "user": "Aslam72", "price": 176.33861815737646, "vol_usd": 9297.489999999998, "timestamp": 1764046925.8788304}, {"type": "trade", "source": "Binance", "user": "ETHO  KENYAA", "price": 176.33861815737646, "vol_usd": 1300.0699999999997, "timestamp": 1764046925.878844}, {"type": "trade", "source": "Binance", "user": "Always-trade", "price": 176.33861815737646, "vol_usd": 1304791.3299999998, "timestamp": 1764046925.878858}, {"type": "trade", "source": "Binance", "user": "Amana_Traders ", "price": 176.33861815737646, "vol_usd": 8264.689999999988, "timestamp": 1764046925.878888}, {"type": "trade", "source": "Binance", "user": "Ambasel ", "price": 176.33861815737646, "vol_usd": 148155.72, "timestamp": 1764046925.8789346}, {"type": "trade", "source": "Binance", "user": "MAYA-Bit", "price": 176.33861815737646, "vol_usd": 249.95000000000073, "timestamp": 1764046925.8789563}, {"type": "trade", "source": "Binance", "user": "daily hustler ", "price": 175.58845387139783, "vol_usd": 17722.190000000002, "timestamp": 1764046925.8790038}, {"type": "trade", "source": "Binance", "user": "daily hustler ", "price": 175.58845387139783, "vol_usd": 4761.830000000002, "timestamp": 1764046925.8790157}, {"type": "trade", "source": "Binance", "user": "Eye-Trader", "price": 174.64824796630464, "vol_usd": 866.6000000000004, "timestamp": 1764046925.8790843}, {"type": "trade", "source": "Binance", "user": "ETHIO USD", "price": 174.64824796630464, "vol_usd": 778.3099999999977, "timestamp": 1764046925.8790965}, {"type": "trade", "source": "Binance", "user": "ETHIO USD", "price": 174.64824796630464, "vol_usd": 3982.779999999999, "timestamp": 1764046925.8791056}, {"type": "trade", "source": "Binance", "user": "Gitsini", "price": 176.3424985421487, "vol_usd": 55.669999999998254, "timestamp": 1764047595.9729419}, {"type": "trade", "source": "Binance", "user": "Tinsaye_Z_Ethiopia", "price": 176.3424985421487, "vol_usd": 133.45999999999913, "timestamp": 1764047595.972975}, {"type": "trade", "source": "Binance", "user": "AaaaaaaaFast", "price": 176.3424985421487, "vol_usd": 6.230000000003201, "timestamp": 1764047595.9729826}, {"type": "trade", "source": "Binance", "user": "McM p7", "price": 176.3424985421487, "vol_usd": 42651.26999999999, "timestamp": 1764047595.9729884}, {"type": "trade", "source": "Binance", "user": "SKY-blue77", "price": 176.3424985421487, "vol_usd": 21864.86, "timestamp": 1764047595.9729989}, {"type": "trade", "source": "Binance", "user": "Gedilove", "price": 176.3424985421487, "vol_usd": 283.9499999999998, "timestamp": 1764047595.97301}, {"type": "trade", "source": "Binance", "user": "Aslam72", "price": 176.3424985421487, "vol_usd": 9297.489999999998, "timestamp": 1764047595.9730248}, {"type": "trade", "source": "Binance", "user": "ETHO  KENYAA", "price": 176.3424985421487, "vol_usd": 1300.0699999999997, "timestamp": 1764047595.9730408}, {"type": "trade", "source": "Binance", "user": "Always-trade", "price": 176.3424985421487, "vol_usd": 1304791.3299999998, "timestamp": 1764047595.9730573}, {"type": "trade", "source": "Binance", "user": "Amana_Traders ", "price": 176.3424985421487, "vol_usd": 8264.689999999988, "timestamp": 1764047595.9730694}, {"type": "trade", "source": "Binance", "user": "Ambasel ", "price": 176.3424985421487, "vol_usd": 148155.72, "timestamp": 1764047595.973115}, {"type": "trade", "source": "Binance", "user": "MAYA-Bit", "price": 176.3424985421487, "vol_usd": 149.95000000000073, "timestamp": 1764047595.9731307}, {"type": "trade", "source": "Binance", "user": "dodohavq", "price": 176.32249372098676, "vol_usd": 9.950000000000273, "timestamp": 1764047595.973148}, {"type": "trade", "source": "Binance", "user": "daily hustler ", "price": 175.59231774857741, "vol_usd": 17722.190000000002, "timestamp": 1764047595.9731858}, {"type": "trade", "source": "Binance", "user": "daily hustler ", "price": 175.59231774857741, "vol_usd": 4761.830000000002, "timestamp": 1764047595.9731941}, {"type": "trade", "source": "Binance", "user": "AmEthan7 ", "price": 175.59231774857741, "vol_usd": 5.75, "timestamp": 1764047595.9732182}, {"type": "trade", "source": "Binance", "user": "Eye-Trader", "price": 174.65209115396812, "vol_usd": 866.6000000000004, "timestamp": 1764047595.9732997}, {"type": "trade", "source": "Binance", "user": "ETHIO USD", "price": 174.65209115396812, "vol_usd": 778.3099999999977, "timestamp": 1764047595.9733152}, {"type": "trade", "source": "Binance", "user": "ETHIO USD", "price": 174.65209115396812, "vol_usd": 3982.779999999999, "timestamp": 1764047595.9733224}, {"type": "trade", "source": "Binance", "user": "ETHIO_TRADER_01", "price": 176.35426492049504, "vol_usd": 49.95000000000073, "timestamp": 1764048422.9090002}, {"type": "trade", "source": "Binance", "user": "REAL-MONEY", "price": 176.35426492049504, "vol_usd": 521.1899999999987, "timestamp": 1764048422.9090245}, {"type": "trade", "source": "Binance", "user": "instant_payee", "price": 176.34426240986488, "vol_usd": 1399.9499999999998, "timestamp": 1764048422.9090338}, {"type": "trade", "source": "Binance", "user": "Tinsaye_Z_Ethiopia", "price": 176.34426240986488, "vol_usd": 361.9499999999971, "timestamp": 1764048422.9090424}, {"type": "trade", "source": "Binance", "user": "AaaaaaaaFast", "price": 176.34426240986488, "vol_usd": 14.180000000000291, "timestamp": 1764048422.9090474}, {"type": "trade", "source": "Binance", "user": "McM p7", "price": 176.34426240986488, "vol_usd": 42651.26999999999, "timestamp": 1764048422.9090574}, {"type": "trade", "source": "Binance", "user": "SKY-blue77", "price": 176.34426240986488, "vol_usd": 21864.86, "timestamp": 1764048422.909068}, {"type": "trade", "source": "Binance", "user": "sayid12", "price": 176.34426240986488, "vol_usd": 10.950000000000728, "timestamp": 1764048422.909091}, {"type": "trade", "source": "Binance", "user": "Aslam72", "price": 176.34426240986488, "vol_usd": 9347.440000000002, "timestamp": 1764048422.9091027}, {"type": "trade", "source": "Binance", "user": "ETHO  KENYAA", "price": 176.34426240986488, "vol_usd": 1300.0699999999997, "timestamp": 1764048422.9091108}, {"type": "trade", "source": "Binance", "user": "Always-trade", "price": 176.34426240986488, "vol_usd": 1304891.15, "timestamp": 1764048422.9091246}, {"type": "trade", "source": "Binance", "user": "Amana_Traders ", "price": 176.34426240986488, "vol_usd": 8264.689999999988, "timestamp": 1764048422.9091346}, {"type": "trade", "source": "Binance", "user": "Ambasel ", "price": 176.34426240986488, "vol_usd": 148155.72, "timestamp": 1764048422.9091766}, {"type": "trade", "source": "Binance", "user": "MAYA-Bit", "price": 176.34426240986488, "vol_usd": 149.95000000000073, "timestamp": 1764048422.9091904}, {"type": "trade", "source": "Binance", "user": "dodohavq", "price": 176.32425738860454, "vol_usd": 5.75, "timestamp": 1764048422.909213}, {"type": "trade", "source": "Binance", "user": "daily hustler ", "price": 175.59407411260227, "vol_usd": 17722.190000000002, "timestamp": 1764048422.9092808}, {"type": "trade", "source": "Binance", "user": "daily hustler ", "price": 175.59407411260227, "vol_usd": 4761.830000000002, "timestamp": 1764048422.909297}, {"type": "trade", "source": "Binance", "user": "Eye-Trader", "price": 174.65383811336648, "vol_usd": 866.6000000000004, "timestamp": 1764048422.9094012}, {"type": "trade", "source": "Binance", "user": "ETHIO USD", "price": 174.65383811336648, "vol_usd": 778.3099999999977, "timestamp": 1764048422.9094162}, {"type": "trade", "source": "Binance", "user": "ETHIO USD", "price": 174.65383811336648, "vol_usd": 3982.779999999999, "timestamp": 1764048422.9094243}, {"type": "trade", "source": "Binance", "user": "REAL-MONEY", "price": 176.3498550672452, "vol_usd": 64.90000000000146, "timestamp": 1764049144.894946}, {"type": "trade", "source": "Binance", "user": "SPECIAL-GIFT", "price": 176.3398528067343, "vol_usd": 523.9500000000007, "timestamp": 1764049144.8949847}, {"type": "trade", "source": "Binance", "user": "McM p7", "price": 176.3398528067343, "vol_usd": 42850.81999999999, "timestamp": 1764049144.8949997}, {"type": "trade", "source": "Binance", "user": "SKY-blue77", "price": 176.3398528067343, "vol_usd": 21864.86, "timestamp": 1764049144.89501}, {"type": "trade", "source": "Binance", "user": "sayid12", "price": 176.3398528067343, "vol_usd": 17.0099999999984, "timestamp": 1764049144.8950338}, {"type": "trade", "source": "Binance", "user": "Aslam72", "price": 176.3398528067343, "vol_usd": 9383.729999999996, "timestamp": 1764049144.8950415}, {"type": "trade", "source": "Binance", "user": "ETHO  KENYAA", "price": 176.3398528067343, "vol_usd": 1300.0699999999997, "timestamp": 1764049144.8950503}, {"type": "trade", "source": "Binance", "user": "Always-trade", "price": 176.3398528067343, "vol_usd": 1304891.15, "timestamp": 1764049144.895064}, {"type": "trade", "source": "Binance", "user": "Amana_Traders ", "price": 176.3398528067343, "vol_usd": 8264.689999999988, "timestamp": 1764049144.895075}, {"type": "trade", "source": "Binance", "user": "Ambasel ", "price": 176.3398528067343, "vol_usd": 148155.72, "timestamp": 1764049144.8951285}, {"type": "trade", "source": "Binance", "user": "daily hustler ", "price": 175.58968326841867, "vol_usd": 17722.190000000002, "timestamp": 1764049144.89519}, {"type": "trade", "source": "Binance", "user": "daily hustler ", "price": 175.58968326841867, "vol_usd": 4761.830000000002, "timestamp": 1764049144.8952043}, {"type": "trade", "source": "Binance", "user": "asse-go-trade", "price": 175.58968326841867, "vol_usd": 5.950000000000728, "timestamp": 1764049144.8952253}, {"type": "trade", "source": "Binance", "user": "Eye-Trader", "price": 174.64947078039637, "vol_usd": 866.6000000000004, "timestamp": 1764049144.8953109}, {"type": "trade", "source": "Binance", "user": "ETHIO USD", "price": 174.64947078039637, "vol_usd": 778.3099999999977, "timestamp": 1764049144.8953226}, {"type": "trade", "source": "Binance", "user": "ETHIO USD", "price": 174.64947078039637, "vol_usd": 3982.779999999999, "timestamp": 1764049144.895331}]