[{"type": "trade", "source": "Binance", "user": "ETHIO_TRADER_01", "price": 176.33433413811105, "vol_usd": 58.710000000002765, "timestamp": 1764035093.804044}, {"type": "trade", "source": "Binance", "user": "HT2424", "price": 176.3243327579206, "vol_usd": 6506.579999999998, "timestamp": 1764035093.8040733}, {"type": "trade", "source": "Binance", "user": "McM p7", "price": 176.3243327579206, "vol_usd": 39240.2, "timestamp": 1764035093.804093}, {"type": "trade", "source": "Binance", "user": "SKY-blue77", "price": 176.3243327579206, "vol_usd": 21814.90999999999, "timestamp": 1764035093.8041005}, {"type": "trade", "source": "Binance", "user": "Aslam72", "price": 176.3243327579206, "vol_usd": 9226.869999999995, "timestamp": 1764035093.8041263}, {"type": "trade", "source": "Binance", "user": "ETHO  KENYAA", "price": 176.3243327579206, "vol_usd": 1300.0699999999997, "timestamp": 1764035093.804144}, {"type": "trade", "source": "Binance", "user": "REAL-MONEY", "price": 176.3243327579206, "vol_usd": 425.3600000000006, "timestamp": 1764035093.8041592}, {"type": "trade", "source": "Binance", "user": "Always-trade", "price": 176.3243327579206, "vol_usd": 1304771.33, "timestamp": 1764035093.8041716}, {"type": "trade", "source": "Binance", "user": "Amana_Traders ", "price": 176.3243327579206, "vol_usd": 8264.689999999988, "timestamp": 1764035093.8041832}, {"type": "trade", "source": "Binance", "user": "The Flash ETB ", "price": 176.3243327579206, "vol_usd": 939.9499999999971, "timestamp": 1764035093.8042245}, {"type": "trade", "source": "Binance", "user": "Ambasel ", "price": 176.3243327579206, "vol_usd": 148182.56999999998, "timestamp": 1764035093.804245}, {"type": "trade", "source": "Binance", "user": "daily hustler ", "price": 175.57422924363564, "vol_usd": 17722.190000000002, "timestamp": 1764035093.8043108}, {"type": "trade", "source": "Binance", "user": "daily hustler ", "price": 175.57422924363564, "vol_usd": 4761.830000000002, "timestamp": 1764035093.8043234}, {"type": "trade", "source": "Binance", "user": "Eye-Trader", "price": 174.6340995057318, "vol_usd": 866.6000000000004, "timestamp": 1764035093.8044374}, {"type": "trade", "source": "Binance", "user": "ETHIO USD", "price": 174.6340995057318, "vol_usd": 778.3099999999977, "timestamp": 1764035093.804454}, {"type": "trade", "source": "Binance", "user": "ETHIO USD", "price": 174.6340995057318, "vol_usd": 3982.779999999999, "timestamp": 1764035093.8044624}, {"type": "trade", "source": "Binance", "user": "HT2424", "price": 176.32838887060817, "vol_usd": 6506.579999999998, "timestamp": 1764037459.3388393}, {"type": "trade", "source": "Binance", "user": "McM p7", "price": 176.32838887060817, "vol_usd": 39240.2, "timestamp": 1764037459.3388822}, {"type": "trade", "source": "Binance", "user": "SKY-blue77", "price": 176.32838887060817, "vol_usd": 21814.90999999999, "timestamp": 1764037459.338895}, {"type": "trade", "source": "Binance", "user": "Aslam72", "price": 176.32838887060817, "vol_usd": 9196.919999999998, "timestamp": 1764037459.3389223}, {"type": "trade", "source": "Binance", "user": "ETHO  KENYAA", "price": 176.32838887060817, "vol_usd": 1300.0699999999997, "timestamp": 1764037459.338938}, {"type": "trade", "source": "Binance", "user": "Always-trade", "price": 176.32838887060817, "vol_usd": 1304821.28, "timestamp": 1764037459.338954}, {"type": "trade", "source": "Binance", "user": "Amana_Traders ", "price": 176.32838887060817, "vol_usd": 8264.689999999988, "timestamp": 1764037459.3389637}, {"type": "trade", "source": "Binance", "user": "Always-trade", "price": 176.32838887060817, "vol_usd": 29.950000000186265, "timestamp": 1764037459.3389874}, {"type": "trade", "source": "Binance", "user": "Ambasel ", "price": 176.32838887060817, "vol_usd": 148178.87, "timestamp": 1764037459.3390052}, {"type": "trade", "source": "Binance", "user": "Ambasel ", "price": 176.32838887060817, "vol_usd": 7.480000000010477, "timestamp": 1764037459.339014}, {"type": "trade", "source": "Binance", "user": "daily hustler ", "price": 175.5782681011643, "vol_usd": 17722.190000000002, "timestamp": 1764037459.3390872}, {"type": "trade", "source": "Binance", "user": "daily hustler ", "price": 175.5782681011643, "vol_usd": 4761.830000000002, "timestamp": 1764037459.3391001}, {"type": "trade", "source": "Binance", "user": "Eye-Trader", "price": 174.63811673679464, "vol_usd": 866.6000000000004, "timestamp": 1764037459.3391888}, {"type": "trade", "source": "Binance", "user": "ETHIO USD", "price": 174.63811673679464, "vol_usd": 778.3099999999977, "timestamp": 1764037459.3392012}, {"type": "trade", "source": "Binance", "user": "ETHIO USD", "price": 174.63811673679464, "vol_usd": 3982.779999999999, "timestamp": 1764037459.3392086}]