[{"type": "trade", "source": "Binance", "user": "ETHIO_TRADER_01", "price": 176.33556865745533, "vol_usd": 78.09999999999854, "timestamp": 1764052786.3017392}, {"type": "trade", "source": "Binance", "user": "HT2424", "price": 176.32556720724506, "vol_usd": 6723.43, "timestamp": 1764052786.301779}, {"type": "trade", "source": "Binance", "user": "AaaaaaaaFast", "price": 176.32556720724506, "vol_usd": 43.20999999999913, "timestamp": 1764052786.301799}, {"type": "trade", "source": "Binance", "user": "McM p7", "price": 176.32556720724506, "vol_usd": 43579.770000000004, "timestamp": 1764052786.301807}, {"type": "trade", "source": "Binance", "user": "SKY-blue77", "price": 176.32556720724506, "vol_usd": 22164.809999999998, "timestamp": 1764052786.3018162}, {"type": "trade", "source": "Binance", "user": "sayid12", "price": 176.32556720724506, "vol_usd": 19.400000000001455, "timestamp": 1764052786.3018405}, {"type": "trade", "source": "Binance", "user": "Aslam72", "price": 176.32556720724506, "vol_usd": 9545.330000000002, "timestamp": 1764052786.3018496}, {"type": "trade", "source": "Binance", "user": "ETHO  KENYAA", "price": 176.32556720724506, "vol_usd": 300.1199999999999, "timestamp": 1764052786.3018575}, {"type": "trade", "source": "Binance", "user": "Always-trade", "price": 176.32556720724506, "vol_usd": 1305056.65, "timestamp": 1764052786.30187}, {"type": "trade", "source": "Binance", "user": "Amana_Traders ", "price": 176.32556720724506, "vol_usd": 8264.689999999988, "timestamp": 1764052786.3018794}, {"type": "trade", "source": "Binance", "user": "Zenith-UA", "price": 176.32556720724506, "vol_usd": 21.290000000000873, "timestamp": 1764052786.301909}, {"type": "trade", "source": "Binance", "user": "Ambasel ", "price": 176.32556720724506, "vol_usd": 148142.56999999998, "timestamp": 1764052786.30193}, {"type": "trade", "source": "Binance", "user": "MAYA-Bit", "price": 176.32556720724506, "vol_usd": 3486.8099999999977, "timestamp": 1764052786.3019462}, {"type": "trade", "source": "Binance", "user": "daily hustler ", "price": 175.575458441474, "vol_usd": 18149.14, "timestamp": 1764052786.3020074}, {"type": "trade", "source": "Binance", "user": "daily hustler ", "price": 175.575458441474, "vol_usd": 4761.830000000002, "timestamp": 1764052786.3020263}, {"type": "trade", "source": "Binance", "user": "IamH21", "price": 175.54545409084318, "vol_usd": 33.74000000000001, "timestamp": 1764052786.302058}, {"type": "trade", "source": "Binance", "user": "Eye-Trader", "price": 174.63532212170765, "vol_usd": 866.6000000000004, "timestamp": 1764052786.3021626}, {"type": "trade", "source": "Binance", "user": "ETHIO USD", "price": 174.63532212170765, "vol_usd": 778.3099999999977, "timestamp": 1764052786.3021843}, {"type": "trade", "source": "Binance", "user": "ETHIO USD", "price": 174.63532212170765, "vol_usd": 3982.779999999999, "timestamp": 1764052786.302193}, {"type": "trade", "source": "Binance", "user": "HT2424", "price": 176.32327467225676, "vol_usd": 6723.43, "timestamp": 1764053631.2003942}, {"type": "trade", "source": "Binance", "user": "McM p7", "price": 176.32327467225676, "vol_usd": 43579.770000000004, "timestamp": 1764053631.2004328}, {"type": "trade", "source": "Binance", "user": "SKY-blue77", "price": 176.32327467225676, "vol_usd": 22164.809999999998, "timestamp": 1764053631.2004457}, {"type": "trade", "source": "Binance", "user": "sayid12", "price": 176.32327467225676, "vol_usd": 7.950000000000728, "timestamp": 1764053631.2004704}, {"type": "trade", "source": "Binance", "user": "Aslam72", "price": 176.32327467225676, "vol_usd": 9570.279999999999, "timestamp": 1764053631.200479}, {"type": "trade", "source": "Binance", "user": "ETHO  KENYAA", "price": 176.32327467225676, "vol_usd": 300.1199999999999, "timestamp": 1764053631.2004888}, {"type": "trade", "source": "Binance", "user": "Always-trade", "price": 176.32327467225676, "vol_usd": 1305056.65, "timestamp": 1764053631.2005033}, {"type": "trade", "source": "Binance", "user": "Amana_Traders ", "price": 176.32327467225676, "vol_usd": 8264.689999999988, "timestamp": 1764053631.2005138}, {"type": "trade", "source": "Binance", "user": "Zenith-UA", "price": 176.32327467225676, "vol_usd": 30.62000000000262, "timestamp": 1764053631.2005403}, {"type": "trade", "source": "Binance", "user": "Ambasel ", "price": 176.32327467225676, "vol_usd": 148139.41999999998, "timestamp": 1764053631.200569}, {"type": "trade", "source": "Binance", "user": "MAYA-Bit", "price": 176.32327467225676, "vol_usd": 1152.1800000000003, "timestamp": 1764053631.2006104}, {"type": "trade", "source": "Binance", "user": "daily hustler ", "price": 175.57317565918703, "vol_usd": 18149.14, "timestamp": 1764053631.2006562}, {"type": "trade", "source": "Binance", "user": "daily hustler ", "price": 175.57317565918703, "vol_usd": 4761.830000000002, "timestamp": 1764053631.200667}, {"type": "trade", "source": "Binance", "user": "AB-Mark", "price": 175.57317565918703, "vol_usd": 461.8199999999997, "timestamp": 1764053631.2006857}, {"type": "trade", "source": "Binance", "user": "P2P-725zs1Ilo", "price": 175.57317565918703, "vol_usd": 142.1999999999971, "timestamp": 1764053631.2007024}, {"type": "trade", "source": "Binance", "user": "Eye-Trader", "price": 174.63305156280632, "vol_usd": 866.6000000000004, "timestamp": 1764053631.2008064}, {"type": "trade", "source": "Binance", "user": "ETHIO USD", "price": 174.63305156280632, "vol_usd": 778.3099999999977, "timestamp": 1764053631.2008243}, {"type": "trade", "source": "Binance", "user": "ETHIO USD", "price": 174.63305156280632, "vol_usd": 3982.779999999999, "timestamp": 1764053631.2008317}, {"type": "trade", "source": "Binance", "user": "ETHIO_TRADER_01", "price": 176.32692738502897, "vol_usd": 49.95000000000073, "timestamp": 1764054135.992631}, {"type": "trade", "source": "Binance", "user": "REAL-MONEY", "price": 176.32692738502897, "vol_usd": 99.95000000000073, "timestamp": 1764054135.9926589}, {"type": "trade", "source": "Binance", "user": "HT2424", "price": 176.3169264249368, "vol_usd": 6723.43, "timestamp": 1764054135.9926667}, {"type": "trade", "source": "Binance", "user": "McM p7", "price": 176.3169264249368, "vol_usd": 43579.770000000004, "timestamp": 1764054135.9926803}, {"type": "trade", "source": "Binance", "user": "SKY-blue77", "price": 176.3169264249368, "vol_usd": 22164.809999999998, "timestamp": 1764054135.9926863}, {"type": "trade", "source": "Binance", "user": "Aslam72", "price": 176.3169264249368, "vol_usd": 9570.279999999999, "timestamp": 1764054135.9927022}, {"type": "trade", "source": "Binance", "user": "ETHO  KENYAA", "price": 176.3169264249368, "vol_usd": 300.1199999999999, "timestamp": 1764054135.9927075}, {"type": "trade", "source": "Binance", "user": "Always-trade", "price": 176.3169264249368, "vol_usd": 1305056.65, "timestamp": 1764054135.992721}, {"type": "trade", "source": "Binance", "user": "Amana_Traders ", "price": 176.3169264249368, "vol_usd": 8264.689999999988, "timestamp": 1764054135.9927325}, {"type": "trade", "source": "Binance", "user": "SafeHold ", "price": 176.3169264249368, "vol_usd": 42.94999999999709, "timestamp": 1764054135.9927862}, {"type": "trade", "source": "Binance", "user": "Ambasel ", "price": 176.3169264249368, "vol_usd": 148139.41999999998, "timestamp": 1764054135.992809}, {"type": "trade", "source": "Binance", "user": "MAYA-Bit", "price": 176.3169264249368, "vol_usd": 699.9500000000007, "timestamp": 1764054135.9928281}, {"type": "trade", "source": "Binance", "user": "daily hustler ", "price": 175.56685441802415, "vol_usd": 18149.14, "timestamp": 1764054135.9928825}, {"type": "trade", "source": "Binance", "user": "daily hustler ", "price": 175.56685441802415, "vol_usd": 4761.830000000002, "timestamp": 1764054135.9928951}, {"type": "trade", "source": "Binance", "user": "Eye-Trader", "price": 174.62676416936026, "vol_usd": 866.6000000000004, "timestamp": 1764054135.9929945}, {"type": "trade", "source": "Binance", "user": "ETHIO USD", "price": 174.62676416936026, "vol_usd": 778.3099999999977, "timestamp": 1764054135.9930072}, {"type": "trade", "source": "Binance", "user": "ETHIO USD", "price": 174.62676416936026, "vol_usd": 3982.779999999999, "timestamp": 1764054135.993015}, {"type": "trade", "source": "Binance", "user": "p2p treder2", "price": 174.62676416936026, "vol_usd": 3499.9500000000044, "timestamp": 1764054135.993029}, {"type": "trade", "source": "Binance", "user": "ETHIO_TRADER_01", "price": 176.32710372906172, "vol_usd": 39.95000000000073, "timestamp": 1764054805.5554643}, {"type": "trade", "source": "Binance", "user": "REAL-MONEY", "price": 176.32710372906172, "vol_usd": 338.3600000000006, "timestamp": 1764054805.5554938}, {"type": "trade", "source": "Binance", "user": "AaaaaaaaFast", "price": 176.31710275896762, "vol_usd": 47.70999999999913, "timestamp": 1764054805.5555096}, {"type": "trade", "source": "Binance", "user": "McM p7", "price": 176.31710275896762, "vol_usd": 43750.72, "timestamp": 1764054805.5555148}, {"type": "trade", "source": "Binance", "user": "McM p7", "price": 176.31710275896762, "vol_usd": 99.94999999999709, "timestamp": 1764054805.5555193}, {"type": "trade", "source": "Binance", "user": "SKY-blue77", "price": 176.31710275896762, "vol_usd": 22164.809999999998, "timestamp": 1764054805.555529}, {"type": "trade", "source": "Binance", "user": "Aslam72", "price": 176.31710275896762, "vol_usd": 9579.080000000002, "timestamp": 1764054805.5555763}, {"type": "trade", "source": "Binance", "user": "ETHO  KENYAA", "price": 176.31710275896762, "vol_usd": 300.1199999999999, "timestamp": 1764054805.555588}, {"type": "trade", "source": "Binance", "user": "Always-trade", "price": 176.31710275896762, "vol_usd": 1305056.65, "timestamp": 1764054805.555604}, {"type": "trade", "source": "Binance", "user": "Amana_Traders ", "price": 176.31710275896762, "vol_usd": 8264.689999999988, "timestamp": 1764054805.555616}, {"type": "trade", "source": "Binance", "user": "Zenith-UA", "price": 176.31710275896762, "vol_usd": 10.769999999996799, "timestamp": 1764054805.55565}, {"type": "trade", "source": "Binance", "user": "Ambasel ", "price": 176.31710275896762, "vol_usd": 148139.41999999998, "timestamp": 1764054805.5556731}, {"type": "trade", "source": "Binance", "user": "Ambasel ", "price": 176.31710275896762, "vol_usd": 10.489999999990687, "timestamp": 1764054805.5556808}, {"type": "trade", "source": "Binance", "user": "daily hustler ", "price": 175.5670300019102, "vol_usd": 18149.14, "timestamp": 1764054805.555735}, {"type": "trade", "source": "Binance", "user": "daily hustler ", "price": 175.5670300019102, "vol_usd": 4761.830000000002, "timestamp": 1764054805.555748}, {"type": "trade", "source": "Binance", "user": "Eye-Trader", "price": 174.6269388130649, "vol_usd": 866.6000000000004, "timestamp": 1764054805.5558476}, {"type": "trade", "source": "Binance", "user": "ETHIO USD", "price": 174.6269388130649, "vol_usd": 778.3099999999977, "timestamp": 1764054805.5558708}, {"type": "trade", "source": "Binance", "user": "ETHIO USD", "price": 174.6269388130649, "vol_usd": 3982.779999999999, "timestamp": 1764054805.5558784}, {"type": "trade", "source": "Binance", "user": "ETHIO_TRADER_01", "price": 176.32798545451638, "vol_usd": 133.63999999999942, "timestamp": 1764055621.3236096}, {"type": "trade", "source": "Binance", "user": "Gitsini", "price": 176.31798443441232, "vol_usd": 188.6700000000019, "timestamp": 1764055621.3236377}, {"type": "trade", "source": "Binance", "user": "instant_payee", "price": 176.31798443441232, "vol_usd": 1096.9, "timestamp": 1764055621.3236465}, {"type": "trade", "source": "Binance", "user": "McM p7", "price": 176.31798443441232, "vol_usd": 44650.67, "timestamp": 1764055621.3236566}, {"type": "trade", "source": "Binance", "user": "SKY-blue77", "price": 176.31798443441232, "vol_usd": 22164.809999999998, "timestamp": 1764055621.323662}, {"type": "trade", "source": "Binance", "user": "sayid12", "price": 176.31798443441232, "vol_usd": 250.61999999999898, "timestamp": 1764055621.3236852}, {"type": "trade", "source": "Binance", "user": "Aslam72", "price": 176.31798443441232, "vol_usd": 9645.599999999999, "timestamp": 1764055621.3236935}, {"type": "trade", "source": "Binance", "user": "ETHO  KENYAA", "price": 176.31798443441232, "vol_usd": 300.1199999999999, "timestamp": 1764055621.3237016}, {"type": "trade", "source": "Binance", "user": "Always-trade", "price": 176.31798443441232, "vol_usd": 1305056.65, "timestamp": 1764055621.323714}, {"type": "trade", "source": "Binance", "user": "Amana_Traders ", "price": 176.31798443441232, "vol_usd": 8264.689999999988, "timestamp": 1764055621.3237271}, {"type": "trade", "source": "Binance", "user": "Zenith-UA", "price": 176.31798443441232, "vol_usd": 5.950000000004366, "timestamp": 1764055621.323756}, {"type": "trade", "source": "Binance", "user": "Ambasel ", "price": 176.31798443441232, "vol_usd": 148128.93, "timestamp": 1764055621.3237786}, {"type": "trade", "source": "Binance", "user": "daily hustler ", "price": 175.56790792660854, "vol_usd": 18149.14, "timestamp": 1764055621.3238316}, {"type": "trade", "source": "Binance", "user": "daily hustler ", "price": 175.56790792660854, "vol_usd": 4761.830000000002, "timestamp": 1764055621.3238416}, {"type": "trade", "source": "Binance", "user": "AB-Mark", "price": 175.56790792660854, "vol_usd": 99.95000000000073, "timestamp": 1764055621.323857}, {"type": "trade", "source": "Binance", "user": "Eye-Trader", "price": 174.62781203682778, "vol_usd": 866.6000000000004, "timestamp": 1764055621.3239539}, {"type": "trade", "source": "Binance", "user": "ETHIO USD", "price": 174.62781203682778, "vol_usd": 778.3099999999977, "timestamp": 1764055621.3239734}, {"type": "trade", "source": "Binance", "user": "ETHIO USD", "price": 174.62781203682778, "vol_usd": 3982.779999999999, "timestamp": 1764055621.323984}, {"type": "sell", "source": "Binance", "user": "Gitsini", "price": 176.3116365680135, "vol_usd": 39.95000000000073, "timestamp": 1764056208.5878315}, {"type": "sell", "source": "Binance", "user": "AaaaaaaaFast", "price": 176.3116365680135, "vol_usd": 59.88000000000466, "timestamp": 1764056208.5878615}, {"type": "sell", "source": "Binance", "user": "McM p7", "price": 176.3116365680135, "vol_usd": 44750.619999999995, "timestamp": 1764056208.5878694}, {"type": "sell", "source": "Binance", "user": "SKY-blue77", "price": 176.3116365680135, "vol_usd": 22164.809999999998, "timestamp": 1764056208.5878758}, {"type": "buy", "source": "Binance", "user": "SabbanFastTrader", "price": 176.3116365680135, "vol_usd": 3856.2300000000105, "timestamp": 1764056208.587882}, {"type": "buy", "source": "Binance", "user": "SabbanFastTrader", "price": 176.3116365680135, "vol_usd": 10212.990000000005, "timestamp": 1764056208.5878873}, {"type": "buy", "source": "Binance", "user": "SabbanFastTrader", "price": 176.3116365680135, "vol_usd": 5743.010000000009, "timestamp": 1764056208.587892}, {"type": "buy", "source": "Binance", "user": "MAYA-Bit", "price": 176.3116365680135, "vol_usd": 50691.26, "timestamp": 1764056208.5879076}, {"type": "buy", "source": "Binance", "user": "MAYA-Bit", "price": 176.3116365680135, "vol_usd": 72310.01000000001, "timestamp": 1764056208.5879166}, {"type": "sell", "source": "Binance", "user": "Aslam72", "price": 176.3116365680135, "vol_usd": 9654.099999999999, "timestamp": 1764056208.5879257}, {"type": "sell", "source": "Binance", "user": "ETHO  KENYAA", "price": 176.3116365680135, "vol_usd": 300.1199999999999, "timestamp": 1764056208.5879345}, {"type": "buy", "source": "Binance", "user": "SafeHold ", "price": 176.3116365680135, "vol_usd": 10094.050000000003, "timestamp": 1764056208.5879443}, {"type": "buy", "source": "Binance", "user": "SafeHold ", "price": 176.3116365680135, "vol_usd": 13858.75, "timestamp": 1764056208.5879533}, {"type": "sell", "source": "Binance", "user": "Always-trade", "price": 176.3116365680135, "vol_usd": 1305056.65, "timestamp": 1764056208.5879676}, {"type": "buy", "source": "Binance", "user": "Amana_Traders ", "price": 176.3116365680135, "vol_usd": 993.9600000000064, "timestamp": 1764056208.5879788}, {"type": "sell", "source": "Binance", "user": "Amana_Traders ", "price": 176.3116365680135, "vol_usd": 8264.689999999988, "timestamp": 1764056208.5879872}, {"type": "sell", "source": "Binance", "user": "Autonline", "price": 176.3116365680135, "vol_usd": 52.950000000004366, "timestamp": 1764056208.5879977}, {"type": "buy", "source": "Binance", "user": "The Flash ETB ", "price": 176.3116365680135, "vol_usd": 19094.47, "timestamp": 1764056208.5880322}, {"type": "buy", "source": "Binance", "user": "Ambasel ", "price": 176.3116365680135, "vol_usd": 780369.4199999999, "timestamp": 1764056208.5880516}, {"type": "sell", "source": "Binance", "user": "Ambasel ", "price": 176.3116365680135, "vol_usd": 148128.93, "timestamp": 1764056208.5880601}, {"type": "buy", "source": "Binance", "user": "MAYA-Bit", "price": 176.3116365680135, "vol_usd": 70142.95999999999, "timestamp": 1764056208.5880706}, {"type": "buy", "source": "Binance", "user": "Fast_-Pay", "price": 176.3016359079699, "vol_usd": 87549.28000000001, "timestamp": 1764056208.588088}, {"type": "sell", "source": "Binance", "user": "daily hustler ", "price": 175.56158706474628, "vol_usd": 18149.14, "timestamp": 1764056208.5881333}, {"type": "sell", "source": "Binance", "user": "daily hustler ", "price": 175.56158706474628, "vol_usd": 4761.830000000002, "timestamp": 1764056208.5881445}, {"type": "buy", "source": "Binance", "user": "P2P-725zs1Ilo", "price": 175.56158706474628, "vol_usd": 2281.729999999996, "timestamp": 1764056208.5881653}, {"type": "sell", "source": "Binance", "user": "Gitsini", "price": 176.32045317256802, "vol_usd": 118.63999999999942, "timestamp": 1764056704.3105106}, {"type": "sell", "source": "Binance", "user": "McM p7", "price": 176.32045317256802, "vol_usd": 44750.619999999995, "timestamp": 1764056704.3105483}, {"type": "sell", "source": "Binance", "user": "SKY-blue77", "price": 176.32045317256802, "vol_usd": 22198.089999999997, "timestamp": 1764056704.3105643}, {"type": "buy", "source": "Binance", "user": "SabbanFastTrader", "price": 176.32045317256802, "vol_usd": 3856.2300000000105, "timestamp": 1764056704.3105764}, {"type": "buy", "source": "Binance", "user": "SabbanFastTrader", "price": 176.32045317256802, "vol_usd": 10212.990000000005, "timestamp": 1764056704.3105912}, {"type": "buy", "source": "Binance", "user": "SabbanFastTrader", "price": 176.32045317256802, "vol_usd": 5743.010000000009, "timestamp": 1764056704.3106003}, {"type": "sell", "source": "Binance", "user": "Gedilove", "price": 176.32045317256802, "vol_usd": 141.79999999999995, "timestamp": 1764056704.3106112}, {"type": "buy", "source": "Binance", "user": "MAYA-Bit", "price": 176.32045317256802, "vol_usd": 50691.26, "timestamp": 1764056704.310621}, {"type": "buy", "source": "Binance", "user": "MAYA-Bit", "price": 176.32045317256802, "vol_usd": 72310.01000000001, "timestamp": 1764056704.310629}, {"type": "sell", "source": "Binance", "user": "sayid12", "price": 176.32045317256802, "vol_usd": 9.950000000000728, "timestamp": 1764056704.310637}, {"type": "sell", "source": "Binance", "user": "Aslam72", "price": 176.32045317256802, "vol_usd": 9654.099999999999, "timestamp": 1764056704.3106446}, {"type": "sell", "source": "Binance", "user": "ETHO  KENYAA", "price": 176.32045317256802, "vol_usd": 300.1199999999999, "timestamp": 1764056704.310654}, {"type": "buy", "source": "Binance", "user": "SafeHold ", "price": 176.32045317256802, "vol_usd": 10094.050000000003, "timestamp": 1764056704.3106635}, {"type": "buy", "source": "Binance", "user": "SafeHold ", "price": 176.32045317256802, "vol_usd": 13858.75, "timestamp": 1764056704.3106725}, {"type": "sell", "source": "Binance", "user": "Always-trade", "price": 176.32045317256802, "vol_usd": 1305056.65, "timestamp": 1764056704.3106806}, {"type": "buy", "source": "Binance", "user": "Amana_Traders ", "price": 176.32045317256802, "vol_usd": 993.9600000000064, "timestamp": 1764056704.3106902}, {"type": "sell", "source": "Binance", "user": "Amana_Traders ", "price": 176.32045317256802, "vol_usd": 8264.689999999988, "timestamp": 1764056704.3107018}, {"type": "buy", "source": "Binance", "user": "The Flash ETB ", "price": 176.32045317256802, "vol_usd": 19094.47, "timestamp": 1764056704.3107405}, {"type": "buy", "source": "Binance", "user": "Ambasel ", "price": 176.32045317256802, "vol_usd": 780369.4199999999, "timestamp": 1764056704.310758}, {"type": "sell", "source": "Binance", "user": "Ambasel ", "price": 176.32045317256802, "vol_usd": 148145.94, "timestamp": 1764056704.310766}, {"type": "buy", "source": "Binance", "user": "MAYA-Bit", "price": 176.32045317256802, "vol_usd": 70142.95999999999, "timestamp": 1764056704.3107765}, {"type": "buy", "source": "Binance", "user": "Fast_-Pay", "price": 176.31045201243344, "vol_usd": 87549.28000000001, "timestamp": 1764056704.3107936}, {"type": "sell", "source": "Binance", "user": "daily hustler ", "price": 175.57036616247487, "vol_usd": 18149.14, "timestamp": 1764056704.310843}, {"type": "sell", "source": "Binance", "user": "daily hustler ", "price": 175.57036616247487, "vol_usd": 4761.830000000002, "timestamp": 1764056704.3108509}, {"type": "buy", "source": "Binance", "user": "P2P-725zs1Ilo", "price": 175.57036616247487, "vol_usd": 2281.729999999996, "timestamp": 1764056704.310871}, {"type": "sell", "source": "Binance", "user": "NATIONAL_GEOGRAPHIC ", "price": 175.55036384220568, "vol_usd": 239.9499999999971, "timestamp": 1764056704.3108883}, {"type": "sell", "source": "Binance", "user": "Gitsini", "price": 176.32098219688143, "vol_usd": 338.3600000000006, "timestamp": 1764057134.140362}, {"type": "sell", "source": "Binance", "user": "AaaaaaaaFast", "price": 176.32098219688143, "vol_usd": 21.94999999999709, "timestamp": 1764057134.1403923}, {"type": "sell", "source": "Binance", "user": "McM p7", "price": 176.32098219688143, "vol_usd": 44750.619999999995, "timestamp": 1764057134.140402}, {"type": "sell", "source": "Binance", "user": "SKY-blue77", "price": 176.32098219688143, "vol_usd": 22198.089999999997, "timestamp": 1764057134.1404123}, {"type": "buy", "source": "Binance", "user": "SabbanFastTrader", "price": 176.32098219688143, "vol_usd": 3856.2300000000105, "timestamp": 1764057134.1404247}, {"type": "buy", "source": "Binance", "user": "SabbanFastTrader", "price": 176.32098219688143, "vol_usd": 10212.990000000005, "timestamp": 1764057134.1404424}, {"type": "buy", "source": "Binance", "user": "SabbanFastTrader", "price": 176.32098219688143, "vol_usd": 5743.010000000009, "timestamp": 1764057134.140452}, {"type": "sell", "source": "Binance", "user": "Gedilove", "price": 176.32098219688143, "vol_usd": 99.95000000000005, "timestamp": 1764057134.1404703}, {"type": "buy", "source": "Binance", "user": "MAYA-Bit", "price": 176.32098219688143, "vol_usd": 50691.26, "timestamp": 1764057134.140481}, {"type": "buy", "source": "Binance", "user": "MAYA-Bit", "price": 176.32098219688143, "vol_usd": 72310.01000000001, "timestamp": 1764057134.1404898}, {"type": "sell", "source": "Binance", "user": "sayid12", "price": 176.32098219688143, "vol_usd": 5.669999999998254, "timestamp": 1764057134.140505}, {"type": "sell", "source": "Binance", "user": "Aslam72", "price": 176.32098219688143, "vol_usd": 9669.050000000003, "timestamp": 1764057134.1405141}, {"type": "sell", "source": "Binance", "user": "ETHO  KENYAA", "price": 176.32098219688143, "vol_usd": 300.1199999999999, "timestamp": 1764057134.140526}, {"type": "buy", "source": "Binance", "user": "SafeHold ", "price": 176.32098219688143, "vol_usd": 10094.050000000003, "timestamp": 1764057134.1405358}, {"type": "buy", "source": "Binance", "user": "SafeHold ", "price": 176.32098219688143, "vol_usd": 13858.75, "timestamp": 1764057134.1405487}, {"type": "sell", "source": "Binance", "user": "Always-trade", "price": 176.32098219688143, "vol_usd": 1305056.65, "timestamp": 1764057134.1405556}, {"type": "buy", "source": "Binance", "user": "Amana_Traders ", "price": 176.32098219688143, "vol_usd": 993.9600000000064, "timestamp": 1764057134.1405609}, {"type": "sell", "source": "Binance", "user": "Amana_Traders ", "price": 176.32098219688143, "vol_usd": 8264.689999999988, "timestamp": 1764057134.1405659}, {"type": "sell", "source": "Binance", "user": "SafeHold ", "price": 176.32098219688143, "vol_usd": 28.360000000000582, "timestamp": 1764057134.1405845}, {"type": "buy", "source": "Binance", "user": "The Flash ETB ", "price": 176.32098219688143, "vol_usd": 19094.47, "timestamp": 1764057134.1405895}, {"type": "buy", "source": "Binance", "user": "Ambasel ", "price": 176.32098219688143, "vol_usd": 780369.4199999999, "timestamp": 1764057134.1405985}, {"type": "sell", "source": "Binance", "user": "Ambasel ", "price": 176.32098219688143, "vol_usd": 148145.94, "timestamp": 1764057134.1406033}, {"type": "buy", "source": "Binance", "user": "MAYA-Bit", "price": 176.32098219688143, "vol_usd": 70142.95999999999, "timestamp": 1764057134.1406093}, {"type": "sell", "source": "Binance", "user": "MAYA-Bit", "price": 176.32098219688143, "vol_usd": 56.720000000001164, "timestamp": 1764057134.140616}, {"type": "buy", "source": "Binance", "user": "Fast_-Pay", "price": 176.31098100673978, "vol_usd": 87549.28000000001, "timestamp": 1764057134.1406217}, {"type": "sell", "source": "Binance", "user": "daily hustler ", "price": 175.5708929362594, "vol_usd": 18149.14, "timestamp": 1764057134.1406474}, {"type": "sell", "source": "Binance", "user": "daily hustler ", "price": 175.5708929362594, "vol_usd": 4761.830000000002, "timestamp": 1764057134.1406517}, {"type": "buy", "source": "Binance", "user": "P2P-725zs1Ilo", "price": 175.5708929362594, "vol_usd": 2281.729999999996, "timestamp": 1764057134.1406622}, {"type": "sell", "source": "Binance", "user": "ETHIO_TRADER_01", "price": 176.3431525126724, "vol_usd": 148.25, "timestamp": 1764058192.3819005}, {"type": "sell", "source": "Binance", "user": "SPECIAL-GIFT", "price": 176.33315063231888, "vol_usd": 333.2599999999984, "timestamp": 1764058192.381928}, {"type": "sell", "source": "Binance", "user": "Common44", "price": 176.33315063231888, "vol_usd": 65.88000000000102, "timestamp": 1764058192.381941}, {"type": "sell", "source": "Binance", "user": "Tinsaye_Z_Ethiopia", "price": 176.33315063231888, "vol_usd": 229.51000000000204, "timestamp": 1764058192.38195}, {"type": "sell", "source": "Binance", "user": "AaaaaaaaFast", "price": 176.33315063231888, "vol_usd": 29.840000000003783, "timestamp": 1764058192.3819592}, {"type": "sell", "source": "Binance", "user": "McM p7", "price": 176.33315063231888, "vol_usd": 44750.619999999995, "timestamp": 1764058192.3819685}, {"type": "sell", "source": "Binance", "user": "McM p7", "price": 176.33315063231888, "vol_usd": 29.94999999999709, "timestamp": 1764058192.3819778}, {"type": "sell", "source": "Binance", "user": "SKY-blue77", "price": 176.33315063231888, "vol_usd": 22198.089999999997, "timestamp": 1764058192.3819861}, {"type": "buy", "source": "Binance", "user": "SabbanFastTrader", "price": 176.33315063231888, "vol_usd": 3856.2300000000105, "timestamp": 1764058192.3819969}, {"type": "buy", "source": "Binance", "user": "SabbanFastTrader", "price": 176.33315063231888, "vol_usd": 10212.990000000005, "timestamp": 1764058192.3820052}, {"type": "buy", "source": "Binance", "user": "SabbanFastTrader", "price": 176.33315063231888, "vol_usd": 5743.010000000009, "timestamp": 1764058192.3820126}, {"type": "sell", "source": "Binance", "user": "SabbanFastTrader", "price": 176.33315063231888, "vol_usd": 35.079999999987194, "timestamp": 1764058192.38202}, {"type": "buy", "source": "Binance", "user": "MAYA-Bit", "price": 176.33315063231888, "vol_usd": 50747.98, "timestamp": 1764058192.3820345}, {"type": "buy", "source": "Binance", "user": "MAYA-Bit", "price": 176.33315063231888, "vol_usd": 72366.73000000001, "timestamp": 1764058192.3820436}, {"type": "sell", "source": "Binance", "user": "Aslam72", "price": 176.33315063231888, "vol_usd": 9721.590000000004, "timestamp": 1764058192.3820536}, {"type": "sell", "source": "Binance", "user": "ETHO  KENYAA", "price": 176.33315063231888, "vol_usd": 300.1199999999999, "timestamp": 1764058192.3820636}, {"type": "buy", "source": "Binance", "user": "SafeHold ", "price": 176.33315063231888, "vol_usd": 10122.410000000003, "timestamp": 1764058192.382092}, {"type": "buy", "source": "Binance", "user": "SafeHold ", "price": 176.33315063231888, "vol_usd": 13887.11, "timestamp": 1764058192.3821049}, {"type": "sell", "source": "Binance", "user": "Always-trade", "price": 176.33315063231888, "vol_usd": 1305056.65, "timestamp": 1764058192.382116}, {"type": "sell", "source": "Binance", "user": "Luke-Mr", "price": 176.33315063231888, "vol_usd": 56.720000000001164, "timestamp": 1764058192.3821242}, {"type": "buy", "source": "Binance", "user": "Amana_Traders ", "price": 176.33315063231888, "vol_usd": 993.9600000000064, "timestamp": 1764058192.382133}, {"type": "sell", "source": "Binance", "user": "Amana_Traders ", "price": 176.33315063231888, "vol_usd": 8264.689999999988, "timestamp": 1764058192.3821404}, {"type": "sell", "source": "Binance", "user": "Hayme_Man", "price": 176.33315063231888, "vol_usd": 9.889999999999986, "timestamp": 1764058192.3821695}, {"type": "buy", "source": "Binance", "user": "The Flash ETB ", "price": 176.33315063231888, "vol_usd": 19094.47, "timestamp": 1764058192.3821857}, {"type": "buy", "source": "Binance", "user": "Ambasel ", "price": 176.33315063231888, "vol_usd": 780369.4199999999, "timestamp": 1764058192.3822024}, {"type": "sell", "source": "Binance", "user": "Ambasel ", "price": 176.33315063231888, "vol_usd": 148145.94, "timestamp": 1764058192.3822126}, {"type": "buy", "source": "Binance", "user": "MAYA-Bit", "price": 176.33315063231888, "vol_usd": 70199.68, "timestamp": 1764058192.3822374}, {"type": "sell", "source": "Binance", "user": "p2p-welcome ", "price": 176.33315063231888, "vol_usd": 56.71999999999389, "timestamp": 1764058192.3822563}, {"type": "buy", "source": "Binance", "user": "Fast_-Pay", "price": 176.32314875196536, "vol_usd": 87549.28000000001, "timestamp": 1764058192.3822687}, {"type": "sell", "source": "Binance", "user": "dodohavq", "price": 176.31314687161185, "vol_usd": 9.949999999999818, "timestamp": 1764058192.3822908}, {"type": "sell", "source": "Binance", "user": "choli_choye", "price": 176.17312054666274, "vol_usd": 28.38000000000102, "timestamp": 1764058192.3823087}, {"type": "sell", "source": "Binance", "user": "daily hustler ", "price": 175.5830096058059, "vol_usd": 18149.14, "timestamp": 1764058192.3823493}, {"type": "sell", "source": "Binance", "user": "daily hustler ", "price": 175.5830096058059, "vol_usd": 4761.830000000002, "timestamp": 1764058192.3823638}, {"type": "buy", "source": "Binance", "user": "P2P-725zs1Ilo", "price": 175.5830096058059, "vol_usd": 2281.729999999996, "timestamp": 1764058192.3823895}, {"type": "sell", "source": "Binance", "user": "Gitsini", "price": 176.33103426203013, "vol_usd": 199.9499999999971, "timestamp": 1764058428.5316522}, {"type": "sell", "source": "Binance", "user": "McM p7", "price": 176.33103426203013, "vol_usd": 44720.67, "timestamp": 1764058428.5316844}, {"type": "sell", "source": "Binance", "user": "SKY-blue77", "price": 176.33103426203013, "vol_usd": 22254.87999999999, "timestamp": 1764058428.531693}, {"type": "buy", "source": "Binance", "user": "SabbanFastTrader", "price": 176.33103426203013, "vol_usd": 3891.3099999999977, "timestamp": 1764058428.5317008}, {"type": "buy", "source": "Binance", "user": "SabbanFastTrader", "price": 176.33103426203013, "vol_usd": 10248.069999999992, "timestamp": 1764058428.5317068}, {"type": "buy", "source": "Binance", "user": "SabbanFastTrader", "price": 176.33103426203013, "vol_usd": 5778.0899999999965, "timestamp": 1764058428.5317166}, {"type": "buy", "source": "Binance", "user": "MAYA-Bit", "price": 176.33103426203013, "vol_usd": 50747.98, "timestamp": 1764058428.5317335}, {"type": "buy", "source": "Binance", "user": "MAYA-Bit", "price": 176.33103426203013, "vol_usd": 72366.73000000001, "timestamp": 1764058428.531742}, {"type": "sell", "source": "Binance", "user": "Aslam72", "price": 176.33103426203013, "vol_usd": 9721.590000000004, "timestamp": 1764058428.5317519}, {"type": "sell", "source": "Binance", "user": "ETHO  KENYAA", "price": 176.33103426203013, "vol_usd": 300.1199999999999, "timestamp": 1764058428.5317624}, {"type": "buy", "source": "Binance", "user": "SafeHold ", "price": 176.33103426203013, "vol_usd": 10122.410000000003, "timestamp": 1764058428.5317717}, {"type": "buy", "source": "Binance", "user": "SafeHold ", "price": 176.33103426203013, "vol_usd": 13887.11, "timestamp": 1764058428.5317807}, {"type": "sell", "source": "Binance", "user": "Always-trade", "price": 176.33103426203013, "vol_usd": 1305056.65, "timestamp": 1764058428.5317879}, {"type": "buy", "source": "Binance", "user": "Amana_Traders ", "price": 176.33103426203013, "vol_usd": 993.9600000000064, "timestamp": 1764058428.531797}, {"type": "sell", "source": "Binance", "user": "Amana_Traders ", "price": 176.33103426203013, "vol_usd": 8264.689999999988, "timestamp": 1764058428.5318043}, {"type": "sell", "source": "Binance", "user": "P2P trader 5", "price": 176.33103426203013, "vol_usd": 499.9499999999971, "timestamp": 1764058428.531833}, {"type": "buy", "source": "Binance", "user": "The Flash ETB ", "price": 176.33103426203013, "vol_usd": 18044.570000000007, "timestamp": 1764058428.5318508}, {"type": "buy", "source": "Binance", "user": "Ambasel ", "price": 176.33103426203013, "vol_usd": 780372.37, "timestamp": 1764058428.5318682}, {"type": "sell", "source": "Binance", "user": "Ambasel ", "price": 176.33103426203013, "vol_usd": 148142.99, "timestamp": 1764058428.5318751}, {"type": "buy", "source": "Binance", "user": "MAYA-Bit", "price": 176.33103426203013, "vol_usd": 70199.68, "timestamp": 1764058428.5318816}, {"type": "buy", "source": "Binance", "user": "Fast_-Pay", "price": 176.32103250172028, "vol_usd": 87549.28000000001, "timestamp": 1764058428.531892}, {"type": "sell", "source": "Binance", "user": "daily hustler ", "price": 175.58090223879404, "vol_usd": 18149.14, "timestamp": 1764058428.5319226}, {"type": "sell", "source": "Binance", "user": "daily hustler ", "price": 175.58090223879404, "vol_usd": 4761.830000000002, "timestamp": 1764058428.5319276}, {"type": "buy", "source": "Binance", "user": "P2P-725zs1Ilo", "price": 175.58090223879404, "vol_usd": 2281.729999999996, "timestamp": 1764058428.5319397}]