[{"type": "trade", "source": "Binance", "user": "Zdntrusted", "price": 174.6496454695216, "vol_usd": 142.15000000000873, "timestamp": 1764108067.2432954}, {"type": "trade", "source": "Binance", "user": "Eye-Trader", "price": 174.6496454695216, "vol_usd": 1287.3199999999997, "timestamp": 1764108067.2433236}, {"type": "trade", "source": "Binance", "user": "ETHIO USD", "price": 174.6496454695216, "vol_usd": 689.5099999999948, "timestamp": 1764108067.243331}, {"type": "trade", "source": "Binance", "user": "ETHIO USD", "price": 174.6496454695216, "vol_usd": 3803.479999999996, "timestamp": 1764108067.243336}, {"type": "trade", "source": "Binance", "user": "FanToshi EXchange", "price": 173.74944112313494, "vol_usd": 2378.62999999999, "timestamp": 1764108067.2434354}, {"type": "trade", "source": "Binance", "user": "McM p7", "price": 173.74944112313494, "vol_usd": 3091.5899999999965, "timestamp": 1764108067.243455}, {"type": "trade", "source": "Binance", "user": "Aslam72", "price": 173.7094320410733, "vol_usd": 7.040000000000873, "timestamp": 1764108067.2434852}, {"type": "trade", "source": "Binance", "user": "MAYA-Bit", "price": 173.62941387695005, "vol_usd": 668.8300000000163, "timestamp": 1764108067.2435367}, {"type": "trade", "source": "Binance", "user": "MAYA-Bit", "price": 173.62941387695005, "vol_usd": 1048.7300000000396, "timestamp": 1764108067.243552}, {"type": "trade", "source": "Binance", "user": "Zdntrusted", "price": 174.6681644987781, "vol_usd": 142.15000000000873, "timestamp": 1764108562.8786159}, {"type": "trade", "source": "Binance", "user": "Eye-Trader", "price": 174.6681644987781, "vol_usd": 1287.3199999999997, "timestamp": 1764108562.878646}, {"type": "trade", "source": "Binance", "user": "ETHIO USD", "price": 174.6681644987781, "vol_usd": 689.5099999999948, "timestamp": 1764108562.878654}, {"type": "trade", "source": "Binance", "user": "ETHIO USD", "price": 174.6681644987781, "vol_usd": 3803.479999999996, "timestamp": 1764108562.8786585}, {"type": "trade", "source": "Binance", "user": "FanToshi EXchange", "price": 173.76786469894475, "vol_usd": 2378.62999999999, "timestamp": 1764108562.878768}, {"type": "trade", "source": "Binance", "user": "McM p7", "price": 173.76786469894475, "vol_usd": 3091.5899999999965, "timestamp": 1764108562.8787894}, {"type": "trade", "source": "Binance", "user": "Aslam72", "price": 173.7278513745077, "vol_usd": 7.040000000000873, "timestamp": 1764108562.878824}, {"type": "trade", "source": "Binance", "user": "MAYA-Bit", "price": 173.64782472563365, "vol_usd": 668.8300000000163, "timestamp": 1764108562.8788743}, {"type": "trade", "source": "Binance", "user": "MAYA-Bit", "price": 173.64782472563365, "vol_usd": 1048.7300000000396, "timestamp": 1764108562.8788874}]