[{"type": "trade", "source": "Binance", "user": "HT2424", "price": 176.32450910676584, "vol_usd": 7357.399999999998, "timestamp": 1764039595.123678}, {"type": "trade", "source": "Binance", "user": "McM p7", "price": 176.32450910676584, "vol_usd": 40091.020000000004, "timestamp": 1764039595.1237228}, {"type": "trade", "source": "Binance", "user": "McM p7", "price": 176.32450910676584, "vol_usd": 344.7700000000041, "timestamp": 1764039595.1237326}, {"type": "trade", "source": "Binance", "user": "SKY-blue77", "price": 176.32450910676584, "vol_usd": 21814.90999999999, "timestamp": 1764039595.1237407}, {"type": "trade", "source": "Binance", "user": "Aslam72", "price": 176.32450910676584, "vol_usd": 9196.919999999998, "timestamp": 1764039595.1237657}, {"type": "trade", "source": "Binance", "user": "ETHO  KENYAA", "price": 176.32450910676584, "vol_usd": 1300.0699999999997, "timestamp": 1764039595.1237745}, {"type": "trade", "source": "Binance", "user": "Always-trade", "price": 176.32450910676584, "vol_usd": 1304791.3299999998, "timestamp": 1764039595.1237884}, {"type": "trade", "source": "Binance", "user": "Amana_Traders ", "price": 176.32450910676584, "vol_usd": 8264.689999999988, "timestamp": 1764039595.1237984}, {"type": "trade", "source": "Binance", "user": "Ambasel ", "price": 176.32450910676584, "vol_usd": 148171.38999999998, "timestamp": 1764039595.1238348}, {"type": "trade", "source": "Binance", "user": "daily hustler ", "price": 175.57440484227308, "vol_usd": 17722.190000000002, "timestamp": 1764039595.1238852}, {"type": "trade", "source": "Binance", "user": "daily hustler ", "price": 175.57440484227308, "vol_usd": 4761.830000000002, "timestamp": 1764039595.1238966}, {"type": "trade", "source": "Binance", "user": "Eye-Trader", "price": 174.63427416410883, "vol_usd": 866.6000000000004, "timestamp": 1764039595.123967}, {"type": "trade", "source": "Binance", "user": "ETHIO USD", "price": 174.63427416410883, "vol_usd": 778.3099999999977, "timestamp": 1764039595.123981}, {"type": "trade", "source": "Binance", "user": "ETHIO USD", "price": 174.63427416410883, "vol_usd": 3982.779999999999, "timestamp": 1764039595.1239896}, {"type": "trade", "source": "Binance", "user": "ETHIO_TRADER_01", "price": 176.33662683065143, "vol_usd": 99.95000000000073, "timestamp": 1764041508.4411752}, {"type": "trade", "source": "Binance", "user": "HT2424", "price": 176.3266253204234, "vol_usd": 6556.529999999999, "timestamp": 1764041508.441206}, {"type": "trade", "source": "Binance", "user": "McM p7", "price": 176.3266253204234, "vol_usd": 42034.11, "timestamp": 1764041508.441228}, {"type": "trade", "source": "Binance", "user": "SKY-blue77", "price": 176.3266253204234, "vol_usd": 21814.90999999999, "timestamp": 1764041508.4412377}, {"type": "trade", "source": "Binance", "user": "Aslam72", "price": 176.3266253204234, "vol_usd": 9219.82, "timestamp": 1764041508.4412632}, {"type": "trade", "source": "Binance", "user": "ETHO  KENYAA", "price": 176.3266253204234, "vol_usd": 1300.0699999999997, "timestamp": 1764041508.4412787}, {"type": "trade", "source": "Binance", "user": "Always-trade", "price": 176.3266253204234, "vol_usd": 1304791.3299999998, "timestamp": 1764041508.4412966}, {"type": "trade", "source": "Binance", "user": "Amana_Traders ", "price": 176.3266253204234, "vol_usd": 8264.689999999988, "timestamp": 1764041508.4413083}, {"type": "trade", "source": "Binance", "user": "Ambasel ", "price": 176.3266253204234, "vol_usd": 148171.38999999998, "timestamp": 1764041508.4413552}, {"type": "trade", "source": "Binance", "user": "daily hustler ", "price": 175.57651205332007, "vol_usd": 17722.190000000002, "timestamp": 1764041508.4414113}, {"type": "trade", "source": "Binance", "user": "daily hustler ", "price": 175.57651205332007, "vol_usd": 4761.830000000002, "timestamp": 1764041508.4414248}, {"type": "trade", "source": "Binance", "user": "_Here_We_Go_", "price": 175.2464622157946, "vol_usd": 11.5, "timestamp": 1764041508.4414618}, {"type": "trade", "source": "Binance", "user": "Eye-Trader", "price": 174.6363700918839, "vol_usd": 866.6000000000004, "timestamp": 1764041508.4415088}, {"type": "trade", "source": "Binance", "user": "ETHIO USD", "price": 174.6363700918839, "vol_usd": 778.3099999999977, "timestamp": 1764041508.4415236}, {"type": "trade", "source": "Binance", "user": "ETHIO USD", "price": 174.6363700918839, "vol_usd": 3982.779999999999, "timestamp": 1764041508.4415379}, {"type": "trade", "source": "Binance", "user": "REAL-MONEY", "price": 176.3286908412292, "vol_usd": 28.88000000000102, "timestamp": 1764042816.698811}, {"type": "trade", "source": "Binance", "user": "HT2424", "price": 176.31868978111683, "vol_usd": 6556.529999999999, "timestamp": 1764042816.6988428}, {"type": "trade", "source": "Binance", "user": "M E N H A A J _ 1", "price": 176.31868978111683, "vol_usd": 1499.9500000000007, "timestamp": 1764042816.6988547}, {"type": "trade", "source": "Binance", "user": "AaaaaaaaFast", "price": 176.31868978111683, "vol_usd": 10.94999999999709, "timestamp": 1764042816.6988723}, {"type": "trade", "source": "Binance", "user": "McM p7", "price": 176.31868978111683, "vol_usd": 42034.11, "timestamp": 1764042816.6988842}, {"type": "trade", "source": "Binance", "user": "SKY-blue77", "price": 176.31868978111683, "vol_usd": 21814.90999999999, "timestamp": 1764042816.698894}, {"type": "trade", "source": "Binance", "user": "sayid12", "price": 176.31868978111683, "vol_usd": 9.950000000000728, "timestamp": 1764042816.6989174}, {"type": "trade", "source": "Binance", "user": "Aslam72", "price": 176.31868978111683, "vol_usd": 9242.080000000002, "timestamp": 1764042816.6989264}, {"type": "trade", "source": "Binance", "user": "Aslam72", "price": 176.31868978111683, "vol_usd": 5.669999999998254, "timestamp": 1764042816.6989336}, {"type": "trade", "source": "Binance", "user": "ETHO  KENYAA", "price": 176.31868978111683, "vol_usd": 1300.0699999999997, "timestamp": 1764042816.6989412}, {"type": "trade", "source": "Binance", "user": "Always-trade", "price": 176.31868978111683, "vol_usd": 1304791.3299999998, "timestamp": 1764042816.6989605}, {"type": "trade", "source": "Binance", "user": "Amana_Traders ", "price": 176.31868978111683, "vol_usd": 8264.689999999988, "timestamp": 1764042816.6989777}, {"type": "trade", "source": "Binance", "user": "Ambasel ", "price": 176.31868978111683, "vol_usd": 148168.56, "timestamp": 1764042816.6990244}, {"type": "trade", "source": "Binance", "user": "FanToshi EXchange", "price": 176.30868872100442, "vol_usd": 16.979999999995925, "timestamp": 1764042816.6990557}, {"type": "trade", "source": "Binance", "user": "daily hustler ", "price": 175.56861027268891, "vol_usd": 17722.190000000002, "timestamp": 1764042816.699092}, {"type": "trade", "source": "Binance", "user": "daily hustler ", "price": 175.56861027268891, "vol_usd": 4761.830000000002, "timestamp": 1764042816.699103}, {"type": "trade", "source": "Binance", "user": "GO_UP_GO", "price": 174.78852758392392, "vol_usd": 189.80999999993946, "timestamp": 1764042816.6991768}, {"type": "trade", "source": "Binance", "user": "Eye-Trader", "price": 174.62851062212596, "vol_usd": 866.6000000000004, "timestamp": 1764042816.699215}, {"type": "trade", "source": "Binance", "user": "ETHIO USD", "price": 174.62851062212596, "vol_usd": 778.3099999999977, "timestamp": 1764042816.6992254}, {"type": "trade", "source": "Binance", "user": "ETHIO USD", "price": 174.62851062212596, "vol_usd": 3982.779999999999, "timestamp": 1764042816.6992323}, {"type": "trade", "source": "Binance", "user": "ETHO  KENYAA", "price": 174.62851062212596, "vol_usd": 1959.949999999997, "timestamp": 1764042816.699246}, {"type": "trade", "source": "Binance", "user": "Changeme21", "price": 174.62851062212596, "vol_usd": 9.9900000000016, "timestamp": 1764042816.6992524}]