[{"type": "trade", "source": "Binance", "user": "HT2424", "price": 176.32838887060817, "vol_usd": 6506.579999999998, "timestamp": 1764037459.3388393}, {"type": "trade", "source": "Binance", "user": "McM p7", "price": 176.32838887060817, "vol_usd": 39240.2, "timestamp": 1764037459.3388822}, {"type": "trade", "source": "Binance", "user": "SKY-blue77", "price": 176.32838887060817, "vol_usd": 21814.90999999999, "timestamp": 1764037459.338895}, {"type": "trade", "source": "Binance", "user": "Aslam72", "price": 176.32838887060817, "vol_usd": 9196.919999999998, "timestamp": 1764037459.3389223}, {"type": "trade", "source": "Binance", "user": "ETHO  KENYAA", "price": 176.32838887060817, "vol_usd": 1300.0699999999997, "timestamp": 1764037459.338938}, {"type": "trade", "source": "Binance", "user": "Always-trade", "price": 176.32838887060817, "vol_usd": 1304821.28, "timestamp": 1764037459.338954}, {"type": "trade", "source": "Binance", "user": "Amana_Traders ", "price": 176.32838887060817, "vol_usd": 8264.689999999988, "timestamp": 1764037459.3389637}, {"type": "trade", "source": "Binance", "user": "Always-trade", "price": 176.32838887060817, "vol_usd": 29.950000000186265, "timestamp": 1764037459.3389874}, {"type": "trade", "source": "Binance", "user": "Ambasel ", "price": 176.32838887060817, "vol_usd": 148178.87, "timestamp": 1764037459.3390052}, {"type": "trade", "source": "Binance", "user": "Ambasel ", "price": 176.32838887060817, "vol_usd": 7.480000000010477, "timestamp": 1764037459.339014}, {"type": "trade", "source": "Binance", "user": "daily hustler ", "price": 175.5782681011643, "vol_usd": 17722.190000000002, "timestamp": 1764037459.3390872}, {"type": "trade", "source": "Binance", "user": "daily hustler ", "price": 175.5782681011643, "vol_usd": 4761.830000000002, "timestamp": 1764037459.3391001}, {"type": "trade", "source": "Binance", "user": "Eye-Trader", "price": 174.63811673679464, "vol_usd": 866.6000000000004, "timestamp": 1764037459.3391888}, {"type": "trade", "source": "Binance", "user": "ETHIO USD", "price": 174.63811673679464, "vol_usd": 778.3099999999977, "timestamp": 1764037459.3392012}, {"type": "trade", "source": "Binance", "user": "ETHIO USD", "price": 174.63811673679464, "vol_usd": 3982.779999999999, "timestamp": 1764037459.3392086}, {"type": "trade", "source": "Binance", "user": "HT2424", "price": 176.32450910676584, "vol_usd": 7357.399999999998, "timestamp": 1764039595.123678}, {"type": "trade", "source": "Binance", "user": "McM p7", "price": 176.32450910676584, "vol_usd": 40091.020000000004, "timestamp": 1764039595.1237228}, {"type": "trade", "source": "Binance", "user": "McM p7", "price": 176.32450910676584, "vol_usd": 344.7700000000041, "timestamp": 1764039595.1237326}, {"type": "trade", "source": "Binance", "user": "SKY-blue77", "price": 176.32450910676584, "vol_usd": 21814.90999999999, "timestamp": 1764039595.1237407}, {"type": "trade", "source": "Binance", "user": "Aslam72", "price": 176.32450910676584, "vol_usd": 9196.919999999998, "timestamp": 1764039595.1237657}, {"type": "trade", "source": "Binance", "user": "ETHO  KENYAA", "price": 176.32450910676584, "vol_usd": 1300.0699999999997, "timestamp": 1764039595.1237745}, {"type": "trade", "source": "Binance", "user": "Always-trade", "price": 176.32450910676584, "vol_usd": 1304791.3299999998, "timestamp": 1764039595.1237884}, {"type": "trade", "source": "Binance", "user": "Amana_Traders ", "price": 176.32450910676584, "vol_usd": 8264.689999999988, "timestamp": 1764039595.1237984}, {"type": "trade", "source": "Binance", "user": "Ambasel ", "price": 176.32450910676584, "vol_usd": 148171.38999999998, "timestamp": 1764039595.1238348}, {"type": "trade", "source": "Binance", "user": "daily hustler ", "price": 175.57440484227308, "vol_usd": 17722.190000000002, "timestamp": 1764039595.1238852}, {"type": "trade", "source": "Binance", "user": "daily hustler ", "price": 175.57440484227308, "vol_usd": 4761.830000000002, "timestamp": 1764039595.1238966}, {"type": "trade", "source": "Binance", "user": "Eye-Trader", "price": 174.63427416410883, "vol_usd": 866.6000000000004, "timestamp": 1764039595.123967}, {"type": "trade", "source": "Binance", "user": "ETHIO USD", "price": 174.63427416410883, "vol_usd": 778.3099999999977, "timestamp": 1764039595.123981}, {"type": "trade", "source": "Binance", "user": "ETHIO USD", "price": 174.63427416410883, "vol_usd": 3982.779999999999, "timestamp": 1764039595.1239896}]