[{"type": "trade", "source": "Binance", "user": "ETHIO_TRADER_01", "price": 176.33556865745533, "vol_usd": 78.09999999999854, "timestamp": 1764052786.3017392}, {"type": "trade", "source": "Binance", "user": "HT2424", "price": 176.32556720724506, "vol_usd": 6723.43, "timestamp": 1764052786.301779}, {"type": "trade", "source": "Binance", "user": "AaaaaaaaFast", "price": 176.32556720724506, "vol_usd": 43.20999999999913, "timestamp": 1764052786.301799}, {"type": "trade", "source": "Binance", "user": "McM p7", "price": 176.32556720724506, "vol_usd": 43579.770000000004, "timestamp": 1764052786.301807}, {"type": "trade", "source": "Binance", "user": "SKY-blue77", "price": 176.32556720724506, "vol_usd": 22164.809999999998, "timestamp": 1764052786.3018162}, {"type": "trade", "source": "Binance", "user": "sayid12", "price": 176.32556720724506, "vol_usd": 19.400000000001455, "timestamp": 1764052786.3018405}, {"type": "trade", "source": "Binance", "user": "Aslam72", "price": 176.32556720724506, "vol_usd": 9545.330000000002, "timestamp": 1764052786.3018496}, {"type": "trade", "source": "Binance", "user": "ETHO  KENYAA", "price": 176.32556720724506, "vol_usd": 300.1199999999999, "timestamp": 1764052786.3018575}, {"type": "trade", "source": "Binance", "user": "Always-trade", "price": 176.32556720724506, "vol_usd": 1305056.65, "timestamp": 1764052786.30187}, {"type": "trade", "source": "Binance", "user": "Amana_Traders ", "price": 176.32556720724506, "vol_usd": 8264.689999999988, "timestamp": 1764052786.3018794}, {"type": "trade", "source": "Binance", "user": "Zenith-UA", "price": 176.32556720724506, "vol_usd": 21.290000000000873, "timestamp": 1764052786.301909}, {"type": "trade", "source": "Binance", "user": "Ambasel ", "price": 176.32556720724506, "vol_usd": 148142.56999999998, "timestamp": 1764052786.30193}, {"type": "trade", "source": "Binance", "user": "MAYA-Bit", "price": 176.32556720724506, "vol_usd": 3486.8099999999977, "timestamp": 1764052786.3019462}, {"type": "trade", "source": "Binance", "user": "daily hustler ", "price": 175.575458441474, "vol_usd": 18149.14, "timestamp": 1764052786.3020074}, {"type": "trade", "source": "Binance", "user": "daily hustler ", "price": 175.575458441474, "vol_usd": 4761.830000000002, "timestamp": 1764052786.3020263}, {"type": "trade", "source": "Binance", "user": "IamH21", "price": 175.54545409084318, "vol_usd": 33.74000000000001, "timestamp": 1764052786.302058}, {"type": "trade", "source": "Binance", "user": "Eye-Trader", "price": 174.63532212170765, "vol_usd": 866.6000000000004, "timestamp": 1764052786.3021626}, {"type": "trade", "source": "Binance", "user": "ETHIO USD", "price": 174.63532212170765, "vol_usd": 778.3099999999977, "timestamp": 1764052786.3021843}, {"type": "trade", "source": "Binance", "user": "ETHIO USD", "price": 174.63532212170765, "vol_usd": 3982.779999999999, "timestamp": 1764052786.302193}, {"type": "trade", "source": "Binance", "user": "HT2424", "price": 176.32327467225676, "vol_usd": 6723.43, "timestamp": 1764053631.2003942}, {"type": "trade", "source": "Binance", "user": "McM p7", "price": 176.32327467225676, "vol_usd": 43579.770000000004, "timestamp": 1764053631.2004328}, {"type": "trade", "source": "Binance", "user": "SKY-blue77", "price": 176.32327467225676, "vol_usd": 22164.809999999998, "timestamp": 1764053631.2004457}, {"type": "trade", "source": "Binance", "user": "sayid12", "price": 176.32327467225676, "vol_usd": 7.950000000000728, "timestamp": 1764053631.2004704}, {"type": "trade", "source": "Binance", "user": "Aslam72", "price": 176.32327467225676, "vol_usd": 9570.279999999999, "timestamp": 1764053631.200479}, {"type": "trade", "source": "Binance", "user": "ETHO  KENYAA", "price": 176.32327467225676, "vol_usd": 300.1199999999999, "timestamp": 1764053631.2004888}, {"type": "trade", "source": "Binance", "user": "Always-trade", "price": 176.32327467225676, "vol_usd": 1305056.65, "timestamp": 1764053631.2005033}, {"type": "trade", "source": "Binance", "user": "Amana_Traders ", "price": 176.32327467225676, "vol_usd": 8264.689999999988, "timestamp": 1764053631.2005138}, {"type": "trade", "source": "Binance", "user": "Zenith-UA", "price": 176.32327467225676, "vol_usd": 30.62000000000262, "timestamp": 1764053631.2005403}, {"type": "trade", "source": "Binance", "user": "Ambasel ", "price": 176.32327467225676, "vol_usd": 148139.41999999998, "timestamp": 1764053631.200569}, {"type": "trade", "source": "Binance", "user": "MAYA-Bit", "price": 176.32327467225676, "vol_usd": 1152.1800000000003, "timestamp": 1764053631.2006104}, {"type": "trade", "source": "Binance", "user": "daily hustler ", "price": 175.57317565918703, "vol_usd": 18149.14, "timestamp": 1764053631.2006562}, {"type": "trade", "source": "Binance", "user": "daily hustler ", "price": 175.57317565918703, "vol_usd": 4761.830000000002, "timestamp": 1764053631.200667}, {"type": "trade", "source": "Binance", "user": "AB-Mark", "price": 175.57317565918703, "vol_usd": 461.8199999999997, "timestamp": 1764053631.2006857}, {"type": "trade", "source": "Binance", "user": "P2P-725zs1Ilo", "price": 175.57317565918703, "vol_usd": 142.1999999999971, "timestamp": 1764053631.2007024}, {"type": "trade", "source": "Binance", "user": "Eye-Trader", "price": 174.63305156280632, "vol_usd": 866.6000000000004, "timestamp": 1764053631.2008064}, {"type": "trade", "source": "Binance", "user": "ETHIO USD", "price": 174.63305156280632, "vol_usd": 778.3099999999977, "timestamp": 1764053631.2008243}, {"type": "trade", "source": "Binance", "user": "ETHIO USD", "price": 174.63305156280632, "vol_usd": 3982.779999999999, "timestamp": 1764053631.2008317}, {"type": "trade", "source": "Binance", "user": "ETHIO_TRADER_01", "price": 176.32692738502897, "vol_usd": 49.95000000000073, "timestamp": 1764054135.992631}, {"type": "trade", "source": "Binance", "user": "REAL-MONEY", "price": 176.32692738502897, "vol_usd": 99.95000000000073, "timestamp": 1764054135.9926589}, {"type": "trade", "source": "Binance", "user": "HT2424", "price": 176.3169264249368, "vol_usd": 6723.43, "timestamp": 1764054135.9926667}, {"type": "trade", "source": "Binance", "user": "McM p7", "price": 176.3169264249368, "vol_usd": 43579.770000000004, "timestamp": 1764054135.9926803}, {"type": "trade", "source": "Binance", "user": "SKY-blue77", "price": 176.3169264249368, "vol_usd": 22164.809999999998, "timestamp": 1764054135.9926863}, {"type": "trade", "source": "Binance", "user": "Aslam72", "price": 176.3169264249368, "vol_usd": 9570.279999999999, "timestamp": 1764054135.9927022}, {"type": "trade", "source": "Binance", "user": "ETHO  KENYAA", "price": 176.3169264249368, "vol_usd": 300.1199999999999, "timestamp": 1764054135.9927075}, {"type": "trade", "source": "Binance", "user": "Always-trade", "price": 176.3169264249368, "vol_usd": 1305056.65, "timestamp": 1764054135.992721}, {"type": "trade", "source": "Binance", "user": "Amana_Traders ", "price": 176.3169264249368, "vol_usd": 8264.689999999988, "timestamp": 1764054135.9927325}, {"type": "trade", "source": "Binance", "user": "SafeHold ", "price": 176.3169264249368, "vol_usd": 42.94999999999709, "timestamp": 1764054135.9927862}, {"type": "trade", "source": "Binance", "user": "Ambasel ", "price": 176.3169264249368, "vol_usd": 148139.41999999998, "timestamp": 1764054135.992809}, {"type": "trade", "source": "Binance", "user": "MAYA-Bit", "price": 176.3169264249368, "vol_usd": 699.9500000000007, "timestamp": 1764054135.9928281}, {"type": "trade", "source": "Binance", "user": "daily hustler ", "price": 175.56685441802415, "vol_usd": 18149.14, "timestamp": 1764054135.9928825}, {"type": "trade", "source": "Binance", "user": "daily hustler ", "price": 175.56685441802415, "vol_usd": 4761.830000000002, "timestamp": 1764054135.9928951}, {"type": "trade", "source": "Binance", "user": "Eye-Trader", "price": 174.62676416936026, "vol_usd": 866.6000000000004, "timestamp": 1764054135.9929945}, {"type": "trade", "source": "Binance", "user": "ETHIO USD", "price": 174.62676416936026, "vol_usd": 778.3099999999977, "timestamp": 1764054135.9930072}, {"type": "trade", "source": "Binance", "user": "ETHIO USD", "price": 174.62676416936026, "vol_usd": 3982.779999999999, "timestamp": 1764054135.993015}, {"type": "trade", "source": "Binance", "user": "p2p treder2", "price": 174.62676416936026, "vol_usd": 3499.9500000000044, "timestamp": 1764054135.993029}, {"type": "trade", "source": "Binance", "user": "ETHIO_TRADER_01", "price": 176.32710372906172, "vol_usd": 39.95000000000073, "timestamp": 1764054805.5554643}, {"type": "trade", "source": "Binance", "user": "REAL-MONEY", "price": 176.32710372906172, "vol_usd": 338.3600000000006, "timestamp": 1764054805.5554938}, {"type": "trade", "source": "Binance", "user": "AaaaaaaaFast", "price": 176.31710275896762, "vol_usd": 47.70999999999913, "timestamp": 1764054805.5555096}, {"type": "trade", "source": "Binance", "user": "McM p7", "price": 176.31710275896762, "vol_usd": 43750.72, "timestamp": 1764054805.5555148}, {"type": "trade", "source": "Binance", "user": "McM p7", "price": 176.31710275896762, "vol_usd": 99.94999999999709, "timestamp": 1764054805.5555193}, {"type": "trade", "source": "Binance", "user": "SKY-blue77", "price": 176.31710275896762, "vol_usd": 22164.809999999998, "timestamp": 1764054805.555529}, {"type": "trade", "source": "Binance", "user": "Aslam72", "price": 176.31710275896762, "vol_usd": 9579.080000000002, "timestamp": 1764054805.5555763}, {"type": "trade", "source": "Binance", "user": "ETHO  KENYAA", "price": 176.31710275896762, "vol_usd": 300.1199999999999, "timestamp": 1764054805.555588}, {"type": "trade", "source": "Binance", "user": "Always-trade", "price": 176.31710275896762, "vol_usd": 1305056.65, "timestamp": 1764054805.555604}, {"type": "trade", "source": "Binance", "user": "Amana_Traders ", "price": 176.31710275896762, "vol_usd": 8264.689999999988, "timestamp": 1764054805.555616}, {"type": "trade", "source": "Binance", "user": "Zenith-UA", "price": 176.31710275896762, "vol_usd": 10.769999999996799, "timestamp": 1764054805.55565}, {"type": "trade", "source": "Binance", "user": "Ambasel ", "price": 176.31710275896762, "vol_usd": 148139.41999999998, "timestamp": 1764054805.5556731}, {"type": "trade", "source": "Binance", "user": "Ambasel ", "price": 176.31710275896762, "vol_usd": 10.489999999990687, "timestamp": 1764054805.5556808}, {"type": "trade", "source": "Binance", "user": "daily hustler ", "price": 175.5670300019102, "vol_usd": 18149.14, "timestamp": 1764054805.555735}, {"type": "trade", "source": "Binance", "user": "daily hustler ", "price": 175.5670300019102, "vol_usd": 4761.830000000002, "timestamp": 1764054805.555748}, {"type": "trade", "source": "Binance", "user": "Eye-Trader", "price": 174.6269388130649, "vol_usd": 866.6000000000004, "timestamp": 1764054805.5558476}, {"type": "trade", "source": "Binance", "user": "ETHIO USD", "price": 174.6269388130649, "vol_usd": 778.3099999999977, "timestamp": 1764054805.5558708}, {"type": "trade", "source": "Binance", "user": "ETHIO USD", "price": 174.6269388130649, "vol_usd": 3982.779999999999, "timestamp": 1764054805.5558784}, {"type": "trade", "source": "Binance", "user": "ETHIO_TRADER_01", "price": 176.32798545451638, "vol_usd": 133.63999999999942, "timestamp": 1764055621.3236096}, {"type": "trade", "source": "Binance", "user": "Gitsini", "price": 176.31798443441232, "vol_usd": 188.6700000000019, "timestamp": 1764055621.3236377}, {"type": "trade", "source": "Binance", "user": "instant_payee", "price": 176.31798443441232, "vol_usd": 1096.9, "timestamp": 1764055621.3236465}, {"type": "trade", "source": "Binance", "user": "McM p7", "price": 176.31798443441232, "vol_usd": 44650.67, "timestamp": 1764055621.3236566}, {"type": "trade", "source": "Binance", "user": "SKY-blue77", "price": 176.31798443441232, "vol_usd": 22164.809999999998, "timestamp": 1764055621.323662}, {"type": "trade", "source": "Binance", "user": "sayid12", "price": 176.31798443441232, "vol_usd": 250.61999999999898, "timestamp": 1764055621.3236852}, {"type": "trade", "source": "Binance", "user": "Aslam72", "price": 176.31798443441232, "vol_usd": 9645.599999999999, "timestamp": 1764055621.3236935}, {"type": "trade", "source": "Binance", "user": "ETHO  KENYAA", "price": 176.31798443441232, "vol_usd": 300.1199999999999, "timestamp": 1764055621.3237016}, {"type": "trade", "source": "Binance", "user": "Always-trade", "price": 176.31798443441232, "vol_usd": 1305056.65, "timestamp": 1764055621.323714}, {"type": "trade", "source": "Binance", "user": "Amana_Traders ", "price": 176.31798443441232, "vol_usd": 8264.689999999988, "timestamp": 1764055621.3237271}, {"type": "trade", "source": "Binance", "user": "Zenith-UA", "price": 176.31798443441232, "vol_usd": 5.950000000004366, "timestamp": 1764055621.323756}, {"type": "trade", "source": "Binance", "user": "Ambasel ", "price": 176.31798443441232, "vol_usd": 148128.93, "timestamp": 1764055621.3237786}, {"type": "trade", "source": "Binance", "user": "daily hustler ", "price": 175.56790792660854, "vol_usd": 18149.14, "timestamp": 1764055621.3238316}, {"type": "trade", "source": "Binance", "user": "daily hustler ", "price": 175.56790792660854, "vol_usd": 4761.830000000002, "timestamp": 1764055621.3238416}, {"type": "trade", "source": "Binance", "user": "AB-Mark", "price": 175.56790792660854, "vol_usd": 99.95000000000073, "timestamp": 1764055621.323857}, {"type": "trade", "source": "Binance", "user": "Eye-Trader", "price": 174.62781203682778, "vol_usd": 866.6000000000004, "timestamp": 1764055621.3239539}, {"type": "trade", "source": "Binance", "user": "ETHIO USD", "price": 174.62781203682778, "vol_usd": 778.3099999999977, "timestamp": 1764055621.3239734}, {"type": "trade", "source": "Binance", "user": "ETHIO USD", "price": 174.62781203682778, "vol_usd": 3982.779999999999, "timestamp": 1764055621.323984}, {"type": "sell", "source": "Binance", "user": "Gitsini", "price": 176.3116365680135, "vol_usd": 39.95000000000073, "timestamp": 1764056208.5878315}, {"type": "sell", "source": "Binance", "user": "AaaaaaaaFast", "price": 176.3116365680135, "vol_usd": 59.88000000000466, "timestamp": 1764056208.5878615}, {"type": "sell", "source": "Binance", "user": "McM p7", "price": 176.3116365680135, "vol_usd": 44750.619999999995, "timestamp": 1764056208.5878694}, {"type": "sell", "source": "Binance", "user": "SKY-blue77", "price": 176.3116365680135, "vol_usd": 22164.809999999998, "timestamp": 1764056208.5878758}, {"type": "buy", "source": "Binance", "user": "SabbanFastTrader", "price": 176.3116365680135, "vol_usd": 3856.2300000000105, "timestamp": 1764056208.587882}, {"type": "buy", "source": "Binance", "user": "SabbanFastTrader", "price": 176.3116365680135, "vol_usd": 10212.990000000005, "timestamp": 1764056208.5878873}, {"type": "buy", "source": "Binance", "user": "SabbanFastTrader", "price": 176.3116365680135, "vol_usd": 5743.010000000009, "timestamp": 1764056208.587892}, {"type": "buy", "source": "Binance", "user": "MAYA-Bit", "price": 176.3116365680135, "vol_usd": 50691.26, "timestamp": 1764056208.5879076}, {"type": "buy", "source": "Binance", "user": "MAYA-Bit", "price": 176.3116365680135, "vol_usd": 72310.01000000001, "timestamp": 1764056208.5879166}, {"type": "sell", "source": "Binance", "user": "Aslam72", "price": 176.3116365680135, "vol_usd": 9654.099999999999, "timestamp": 1764056208.5879257}, {"type": "sell", "source": "Binance", "user": "ETHO  KENYAA", "price": 176.3116365680135, "vol_usd": 300.1199999999999, "timestamp": 1764056208.5879345}, {"type": "buy", "source": "Binance", "user": "SafeHold ", "price": 176.3116365680135, "vol_usd": 10094.050000000003, "timestamp": 1764056208.5879443}, {"type": "buy", "source": "Binance", "user": "SafeHold ", "price": 176.3116365680135, "vol_usd": 13858.75, "timestamp": 1764056208.5879533}, {"type": "sell", "source": "Binance", "user": "Always-trade", "price": 176.3116365680135, "vol_usd": 1305056.65, "timestamp": 1764056208.5879676}, {"type": "buy", "source": "Binance", "user": "Amana_Traders ", "price": 176.3116365680135, "vol_usd": 993.9600000000064, "timestamp": 1764056208.5879788}, {"type": "sell", "source": "Binance", "user": "Amana_Traders ", "price": 176.3116365680135, "vol_usd": 8264.689999999988, "timestamp": 1764056208.5879872}, {"type": "sell", "source": "Binance", "user": "Autonline", "price": 176.3116365680135, "vol_usd": 52.950000000004366, "timestamp": 1764056208.5879977}, {"type": "buy", "source": "Binance", "user": "The Flash ETB ", "price": 176.3116365680135, "vol_usd": 19094.47, "timestamp": 1764056208.5880322}, {"type": "buy", "source": "Binance", "user": "Ambasel ", "price": 176.3116365680135, "vol_usd": 780369.4199999999, "timestamp": 1764056208.5880516}, {"type": "sell", "source": "Binance", "user": "Ambasel ", "price": 176.3116365680135, "vol_usd": 148128.93, "timestamp": 1764056208.5880601}, {"type": "buy", "source": "Binance", "user": "MAYA-Bit", "price": 176.3116365680135, "vol_usd": 70142.95999999999, "timestamp": 1764056208.5880706}, {"type": "buy", "source": "Binance", "user": "Fast_-Pay", "price": 176.3016359079699, "vol_usd": 87549.28000000001, "timestamp": 1764056208.588088}, {"type": "sell", "source": "Binance", "user": "daily hustler ", "price": 175.56158706474628, "vol_usd": 18149.14, "timestamp": 1764056208.5881333}, {"type": "sell", "source": "Binance", "user": "daily hustler ", "price": 175.56158706474628, "vol_usd": 4761.830000000002, "timestamp": 1764056208.5881445}, {"type": "buy", "source": "Binance", "user": "P2P-725zs1Ilo", "price": 175.56158706474628, "vol_usd": 2281.729999999996, "timestamp": 1764056208.5881653}, {"type": "sell", "source": "Binance", "user": "Gitsini", "price": 176.32045317256802, "vol_usd": 118.63999999999942, "timestamp": 1764056704.3105106}, {"type": "sell", "source": "Binance", "user": "McM p7", "price": 176.32045317256802, "vol_usd": 44750.619999999995, "timestamp": 1764056704.3105483}, {"type": "sell", "source": "Binance", "user": "SKY-blue77", "price": 176.32045317256802, "vol_usd": 22198.089999999997, "timestamp": 1764056704.3105643}, {"type": "buy", "source": "Binance", "user": "SabbanFastTrader", "price": 176.32045317256802, "vol_usd": 3856.2300000000105, "timestamp": 1764056704.3105764}, {"type": "buy", "source": "Binance", "user": "SabbanFastTrader", "price": 176.32045317256802, "vol_usd": 10212.990000000005, "timestamp": 1764056704.3105912}, {"type": "buy", "source": "Binance", "user": "SabbanFastTrader", "price": 176.32045317256802, "vol_usd": 5743.010000000009, "timestamp": 1764056704.3106003}, {"type": "sell", "source": "Binance", "user": "Gedilove", "price": 176.32045317256802, "vol_usd": 141.79999999999995, "timestamp": 1764056704.3106112}, {"type": "buy", "source": "Binance", "user": "MAYA-Bit", "price": 176.32045317256802, "vol_usd": 50691.26, "timestamp": 1764056704.310621}, {"type": "buy", "source": "Binance", "user": "MAYA-Bit", "price": 176.32045317256802, "vol_usd": 72310.01000000001, "timestamp": 1764056704.310629}, {"type": "sell", "source": "Binance", "user": "sayid12", "price": 176.32045317256802, "vol_usd": 9.950000000000728, "timestamp": 1764056704.310637}, {"type": "sell", "source": "Binance", "user": "Aslam72", "price": 176.32045317256802, "vol_usd": 9654.099999999999, "timestamp": 1764056704.3106446}, {"type": "sell", "source": "Binance", "user": "ETHO  KENYAA", "price": 176.32045317256802, "vol_usd": 300.1199999999999, "timestamp": 1764056704.310654}, {"type": "buy", "source": "Binance", "user": "SafeHold ", "price": 176.32045317256802, "vol_usd": 10094.050000000003, "timestamp": 1764056704.3106635}, {"type": "buy", "source": "Binance", "user": "SafeHold ", "price": 176.32045317256802, "vol_usd": 13858.75, "timestamp": 1764056704.3106725}, {"type": "sell", "source": "Binance", "user": "Always-trade", "price": 176.32045317256802, "vol_usd": 1305056.65, "timestamp": 1764056704.3106806}, {"type": "buy", "source": "Binance", "user": "Amana_Traders ", "price": 176.32045317256802, "vol_usd": 993.9600000000064, "timestamp": 1764056704.3106902}, {"type": "sell", "source": "Binance", "user": "Amana_Traders ", "price": 176.32045317256802, "vol_usd": 8264.689999999988, "timestamp": 1764056704.3107018}, {"type": "buy", "source": "Binance", "user": "The Flash ETB ", "price": 176.32045317256802, "vol_usd": 19094.47, "timestamp": 1764056704.3107405}, {"type": "buy", "source": "Binance", "user": "Ambasel ", "price": 176.32045317256802, "vol_usd": 780369.4199999999, "timestamp": 1764056704.310758}, {"type": "sell", "source": "Binance", "user": "Ambasel ", "price": 176.32045317256802, "vol_usd": 148145.94, "timestamp": 1764056704.310766}, {"type": "buy", "source": "Binance", "user": "MAYA-Bit", "price": 176.32045317256802, "vol_usd": 70142.95999999999, "timestamp": 1764056704.3107765}, {"type": "buy", "source": "Binance", "user": "Fast_-Pay", "price": 176.31045201243344, "vol_usd": 87549.28000000001, "timestamp": 1764056704.3107936}, {"type": "sell", "source": "Binance", "user": "daily hustler ", "price": 175.57036616247487, "vol_usd": 18149.14, "timestamp": 1764056704.310843}, {"type": "sell", "source": "Binance", "user": "daily hustler ", "price": 175.57036616247487, "vol_usd": 4761.830000000002, "timestamp": 1764056704.3108509}, {"type": "buy", "source": "Binance", "user": "P2P-725zs1Ilo", "price": 175.57036616247487, "vol_usd": 2281.729999999996, "timestamp": 1764056704.310871}, {"type": "sell", "source": "Binance", "user": "NATIONAL_GEOGRAPHIC ", "price": 175.55036384220568, "vol_usd": 239.9499999999971, "timestamp": 1764056704.3108883}, {"type": "sell", "source": "Binance", "user": "Gitsini", "price": 176.32098219688143, "vol_usd": 338.3600000000006, "timestamp": 1764057134.140362}, {"type": "sell", "source": "Binance", "user": "AaaaaaaaFast", "price": 176.32098219688143, "vol_usd": 21.94999999999709, "timestamp": 1764057134.1403923}, {"type": "sell", "source": "Binance", "user": "McM p7", "price": 176.32098219688143, "vol_usd": 44750.619999999995, "timestamp": 1764057134.140402}, {"type": "sell", "source": "Binance", "user": "SKY-blue77", "price": 176.32098219688143, "vol_usd": 22198.089999999997, "timestamp": 1764057134.1404123}, {"type": "buy", "source": "Binance", "user": "SabbanFastTrader", "price": 176.32098219688143, "vol_usd": 3856.2300000000105, "timestamp": 1764057134.1404247}, {"type": "buy", "source": "Binance", "user": "SabbanFastTrader", "price": 176.32098219688143, "vol_usd": 10212.990000000005, "timestamp": 1764057134.1404424}, {"type": "buy", "source": "Binance", "user": "SabbanFastTrader", "price": 176.32098219688143, "vol_usd": 5743.010000000009, "timestamp": 1764057134.140452}, {"type": "sell", "source": "Binance", "user": "Gedilove", "price": 176.32098219688143, "vol_usd": 99.95000000000005, "timestamp": 1764057134.1404703}, {"type": "buy", "source": "Binance", "user": "MAYA-Bit", "price": 176.32098219688143, "vol_usd": 50691.26, "timestamp": 1764057134.140481}, {"type": "buy", "source": "Binance", "user": "MAYA-Bit", "price": 176.32098219688143, "vol_usd": 72310.01000000001, "timestamp": 1764057134.1404898}, {"type": "sell", "source": "Binance", "user": "sayid12", "price": 176.32098219688143, "vol_usd": 5.669999999998254, "timestamp": 1764057134.140505}, {"type": "sell", "source": "Binance", "user": "Aslam72", "price": 176.32098219688143, "vol_usd": 9669.050000000003, "timestamp": 1764057134.1405141}, {"type": "sell", "source": "Binance", "user": "ETHO  KENYAA", "price": 176.32098219688143, "vol_usd": 300.1199999999999, "timestamp": 1764057134.140526}, {"type": "buy", "source": "Binance", "user": "SafeHold ", "price": 176.32098219688143, "vol_usd": 10094.050000000003, "timestamp": 1764057134.1405358}, {"type": "buy", "source": "Binance", "user": "SafeHold ", "price": 176.32098219688143, "vol_usd": 13858.75, "timestamp": 1764057134.1405487}, {"type": "sell", "source": "Binance", "user": "Always-trade", "price": 176.32098219688143, "vol_usd": 1305056.65, "timestamp": 1764057134.1405556}, {"type": "buy", "source": "Binance", "user": "Amana_Traders ", "price": 176.32098219688143, "vol_usd": 993.9600000000064, "timestamp": 1764057134.1405609}, {"type": "sell", "source": "Binance", "user": "Amana_Traders ", "price": 176.32098219688143, "vol_usd": 8264.689999999988, "timestamp": 1764057134.1405659}, {"type": "sell", "source": "Binance", "user": "SafeHold ", "price": 176.32098219688143, "vol_usd": 28.360000000000582, "timestamp": 1764057134.1405845}, {"type": "buy", "source": "Binance", "user": "The Flash ETB ", "price": 176.32098219688143, "vol_usd": 19094.47, "timestamp": 1764057134.1405895}, {"type": "buy", "source": "Binance", "user": "Ambasel ", "price": 176.32098219688143, "vol_usd": 780369.4199999999, "timestamp": 1764057134.1405985}, {"type": "sell", "source": "Binance", "user": "Ambasel ", "price": 176.32098219688143, "vol_usd": 148145.94, "timestamp": 1764057134.1406033}, {"type": "buy", "source": "Binance", "user": "MAYA-Bit", "price": 176.32098219688143, "vol_usd": 70142.95999999999, "timestamp": 1764057134.1406093}, {"type": "sell", "source": "Binance", "user": "MAYA-Bit", "price": 176.32098219688143, "vol_usd": 56.720000000001164, "timestamp": 1764057134.140616}, {"type": "buy", "source": "Binance", "user": "Fast_-Pay", "price": 176.31098100673978, "vol_usd": 87549.28000000001, "timestamp": 1764057134.1406217}, {"type": "sell", "source": "Binance", "user": "daily hustler ", "price": 175.5708929362594, "vol_usd": 18149.14, "timestamp": 1764057134.1406474}, {"type": "sell", "source": "Binance", "user": "daily hustler ", "price": 175.5708929362594, "vol_usd": 4761.830000000002, "timestamp": 1764057134.1406517}, {"type": "buy", "source": "Binance", "user": "P2P-725zs1Ilo", "price": 175.5708929362594, "vol_usd": 2281.729999999996, "timestamp": 1764057134.1406622}, {"type": "sell", "source": "Binance", "user": "ETHIO_TRADER_01", "price": 176.3431525126724, "vol_usd": 148.25, "timestamp": 1764058192.3819005}, {"type": "sell", "source": "Binance", "user": "SPECIAL-GIFT", "price": 176.33315063231888, "vol_usd": 333.2599999999984, "timestamp": 1764058192.381928}, {"type": "sell", "source": "Binance", "user": "Common44", "price": 176.33315063231888, "vol_usd": 65.88000000000102, "timestamp": 1764058192.381941}, {"type": "sell", "source": "Binance", "user": "Tinsaye_Z_Ethiopia", "price": 176.33315063231888, "vol_usd": 229.51000000000204, "timestamp": 1764058192.38195}, {"type": "sell", "source": "Binance", "user": "AaaaaaaaFast", "price": 176.33315063231888, "vol_usd": 29.840000000003783, "timestamp": 1764058192.3819592}, {"type": "sell", "source": "Binance", "user": "McM p7", "price": 176.33315063231888, "vol_usd": 44750.619999999995, "timestamp": 1764058192.3819685}, {"type": "sell", "source": "Binance", "user": "McM p7", "price": 176.33315063231888, "vol_usd": 29.94999999999709, "timestamp": 1764058192.3819778}, {"type": "sell", "source": "Binance", "user": "SKY-blue77", "price": 176.33315063231888, "vol_usd": 22198.089999999997, "timestamp": 1764058192.3819861}, {"type": "buy", "source": "Binance", "user": "SabbanFastTrader", "price": 176.33315063231888, "vol_usd": 3856.2300000000105, "timestamp": 1764058192.3819969}, {"type": "buy", "source": "Binance", "user": "SabbanFastTrader", "price": 176.33315063231888, "vol_usd": 10212.990000000005, "timestamp": 1764058192.3820052}, {"type": "buy", "source": "Binance", "user": "SabbanFastTrader", "price": 176.33315063231888, "vol_usd": 5743.010000000009, "timestamp": 1764058192.3820126}, {"type": "sell", "source": "Binance", "user": "SabbanFastTrader", "price": 176.33315063231888, "vol_usd": 35.079999999987194, "timestamp": 1764058192.38202}, {"type": "buy", "source": "Binance", "user": "MAYA-Bit", "price": 176.33315063231888, "vol_usd": 50747.98, "timestamp": 1764058192.3820345}, {"type": "buy", "source": "Binance", "user": "MAYA-Bit", "price": 176.33315063231888, "vol_usd": 72366.73000000001, "timestamp": 1764058192.3820436}, {"type": "sell", "source": "Binance", "user": "Aslam72", "price": 176.33315063231888, "vol_usd": 9721.590000000004, "timestamp": 1764058192.3820536}, {"type": "sell", "source": "Binance", "user": "ETHO  KENYAA", "price": 176.33315063231888, "vol_usd": 300.1199999999999, "timestamp": 1764058192.3820636}, {"type": "buy", "source": "Binance", "user": "SafeHold ", "price": 176.33315063231888, "vol_usd": 10122.410000000003, "timestamp": 1764058192.382092}, {"type": "buy", "source": "Binance", "user": "SafeHold ", "price": 176.33315063231888, "vol_usd": 13887.11, "timestamp": 1764058192.3821049}, {"type": "sell", "source": "Binance", "user": "Always-trade", "price": 176.33315063231888, "vol_usd": 1305056.65, "timestamp": 1764058192.382116}, {"type": "sell", "source": "Binance", "user": "Luke-Mr", "price": 176.33315063231888, "vol_usd": 56.720000000001164, "timestamp": 1764058192.3821242}, {"type": "buy", "source": "Binance", "user": "Amana_Traders ", "price": 176.33315063231888, "vol_usd": 993.9600000000064, "timestamp": 1764058192.382133}, {"type": "sell", "source": "Binance", "user": "Amana_Traders ", "price": 176.33315063231888, "vol_usd": 8264.689999999988, "timestamp": 1764058192.3821404}, {"type": "sell", "source": "Binance", "user": "Hayme_Man", "price": 176.33315063231888, "vol_usd": 9.889999999999986, "timestamp": 1764058192.3821695}, {"type": "buy", "source": "Binance", "user": "The Flash ETB ", "price": 176.33315063231888, "vol_usd": 19094.47, "timestamp": 1764058192.3821857}, {"type": "buy", "source": "Binance", "user": "Ambasel ", "price": 176.33315063231888, "vol_usd": 780369.4199999999, "timestamp": 1764058192.3822024}, {"type": "sell", "source": "Binance", "user": "Ambasel ", "price": 176.33315063231888, "vol_usd": 148145.94, "timestamp": 1764058192.3822126}, {"type": "buy", "source": "Binance", "user": "MAYA-Bit", "price": 176.33315063231888, "vol_usd": 70199.68, "timestamp": 1764058192.3822374}, {"type": "sell", "source": "Binance", "user": "p2p-welcome ", "price": 176.33315063231888, "vol_usd": 56.71999999999389, "timestamp": 1764058192.3822563}, {"type": "buy", "source": "Binance", "user": "Fast_-Pay", "price": 176.32314875196536, "vol_usd": 87549.28000000001, "timestamp": 1764058192.3822687}, {"type": "sell", "source": "Binance", "user": "dodohavq", "price": 176.31314687161185, "vol_usd": 9.949999999999818, "timestamp": 1764058192.3822908}, {"type": "sell", "source": "Binance", "user": "choli_choye", "price": 176.17312054666274, "vol_usd": 28.38000000000102, "timestamp": 1764058192.3823087}, {"type": "sell", "source": "Binance", "user": "daily hustler ", "price": 175.5830096058059, "vol_usd": 18149.14, "timestamp": 1764058192.3823493}, {"type": "sell", "source": "Binance", "user": "daily hustler ", "price": 175.5830096058059, "vol_usd": 4761.830000000002, "timestamp": 1764058192.3823638}, {"type": "buy", "source": "Binance", "user": "P2P-725zs1Ilo", "price": 175.5830096058059, "vol_usd": 2281.729999999996, "timestamp": 1764058192.3823895}, {"type": "sell", "source": "Binance", "user": "Gitsini", "price": 176.33103426203013, "vol_usd": 199.9499999999971, "timestamp": 1764058428.5316522}, {"type": "sell", "source": "Binance", "user": "McM p7", "price": 176.33103426203013, "vol_usd": 44720.67, "timestamp": 1764058428.5316844}, {"type": "sell", "source": "Binance", "user": "SKY-blue77", "price": 176.33103426203013, "vol_usd": 22254.87999999999, "timestamp": 1764058428.531693}, {"type": "buy", "source": "Binance", "user": "SabbanFastTrader", "price": 176.33103426203013, "vol_usd": 3891.3099999999977, "timestamp": 1764058428.5317008}, {"type": "buy", "source": "Binance", "user": "SabbanFastTrader", "price": 176.33103426203013, "vol_usd": 10248.069999999992, "timestamp": 1764058428.5317068}, {"type": "buy", "source": "Binance", "user": "SabbanFastTrader", "price": 176.33103426203013, "vol_usd": 5778.0899999999965, "timestamp": 1764058428.5317166}, {"type": "buy", "source": "Binance", "user": "MAYA-Bit", "price": 176.33103426203013, "vol_usd": 50747.98, "timestamp": 1764058428.5317335}, {"type": "buy", "source": "Binance", "user": "MAYA-Bit", "price": 176.33103426203013, "vol_usd": 72366.73000000001, "timestamp": 1764058428.531742}, {"type": "sell", "source": "Binance", "user": "Aslam72", "price": 176.33103426203013, "vol_usd": 9721.590000000004, "timestamp": 1764058428.5317519}, {"type": "sell", "source": "Binance", "user": "ETHO  KENYAA", "price": 176.33103426203013, "vol_usd": 300.1199999999999, "timestamp": 1764058428.5317624}, {"type": "buy", "source": "Binance", "user": "SafeHold ", "price": 176.33103426203013, "vol_usd": 10122.410000000003, "timestamp": 1764058428.5317717}, {"type": "buy", "source": "Binance", "user": "SafeHold ", "price": 176.33103426203013, "vol_usd": 13887.11, "timestamp": 1764058428.5317807}, {"type": "sell", "source": "Binance", "user": "Always-trade", "price": 176.33103426203013, "vol_usd": 1305056.65, "timestamp": 1764058428.5317879}, {"type": "buy", "source": "Binance", "user": "Amana_Traders ", "price": 176.33103426203013, "vol_usd": 993.9600000000064, "timestamp": 1764058428.531797}, {"type": "sell", "source": "Binance", "user": "Amana_Traders ", "price": 176.33103426203013, "vol_usd": 8264.689999999988, "timestamp": 1764058428.5318043}, {"type": "sell", "source": "Binance", "user": "P2P trader 5", "price": 176.33103426203013, "vol_usd": 499.9499999999971, "timestamp": 1764058428.531833}, {"type": "buy", "source": "Binance", "user": "The Flash ETB ", "price": 176.33103426203013, "vol_usd": 18044.570000000007, "timestamp": 1764058428.5318508}, {"type": "buy", "source": "Binance", "user": "Ambasel ", "price": 176.33103426203013, "vol_usd": 780372.37, "timestamp": 1764058428.5318682}, {"type": "sell", "source": "Binance", "user": "Ambasel ", "price": 176.33103426203013, "vol_usd": 148142.99, "timestamp": 1764058428.5318751}, {"type": "buy", "source": "Binance", "user": "MAYA-Bit", "price": 176.33103426203013, "vol_usd": 70199.68, "timestamp": 1764058428.5318816}, {"type": "buy", "source": "Binance", "user": "Fast_-Pay", "price": 176.32103250172028, "vol_usd": 87549.28000000001, "timestamp": 1764058428.531892}, {"type": "sell", "source": "Binance", "user": "daily hustler ", "price": 175.58090223879404, "vol_usd": 18149.14, "timestamp": 1764058428.5319226}, {"type": "sell", "source": "Binance", "user": "daily hustler ", "price": 175.58090223879404, "vol_usd": 4761.830000000002, "timestamp": 1764058428.5319276}, {"type": "buy", "source": "Binance", "user": "P2P-725zs1Ilo", "price": 175.58090223879404, "vol_usd": 2281.729999999996, "timestamp": 1764058428.5319397}, {"type": "sell", "source": "Binance", "user": "Gitsini", "price": 176.32979973615542, "vol_usd": 319.07000000000335, "timestamp": 1764059347.3184192}, {"type": "sell", "source": "Binance", "user": "M E N H A A J _ 1", "price": 176.32979973615542, "vol_usd": 1746.369999999999, "timestamp": 1764059347.3184402}, {"type": "sell", "source": "Binance", "user": "McM p7", "price": 176.32979973615542, "vol_usd": 44720.67, "timestamp": 1764059347.3184545}, {"type": "sell", "source": "Binance", "user": "SKY-blue77", "price": 176.32979973615542, "vol_usd": 22304.83, "timestamp": 1764059347.318467}, {"type": "buy", "source": "Binance", "user": "SabbanFastTrader", "price": 176.32979973615542, "vol_usd": 3891.3099999999977, "timestamp": 1764059347.3184798}, {"type": "buy", "source": "Binance", "user": "SabbanFastTrader", "price": 176.32979973615542, "vol_usd": 10248.069999999992, "timestamp": 1764059347.3184912}, {"type": "buy", "source": "Binance", "user": "SabbanFastTrader", "price": 176.32979973615542, "vol_usd": 5778.0899999999965, "timestamp": 1764059347.3184998}, {"type": "buy", "source": "Binance", "user": "MAYA-Bit", "price": 176.32979973615542, "vol_usd": 50488.030000000006, "timestamp": 1764059347.3185182}, {"type": "buy", "source": "Binance", "user": "MAYA-Bit", "price": 176.32979973615542, "vol_usd": 72366.73000000001, "timestamp": 1764059347.3185313}, {"type": "sell", "source": "Binance", "user": "sayid12", "price": 176.32979973615542, "vol_usd": 23.220000000001164, "timestamp": 1764059347.3185399}, {"type": "sell", "source": "Binance", "user": "Aslam72", "price": 176.32979973615542, "vol_usd": 9728.010000000002, "timestamp": 1764059347.318552}, {"type": "sell", "source": "Binance", "user": "Aslam72", "price": 176.32979973615542, "vol_usd": 10.200000000004366, "timestamp": 1764059347.3185606}, {"type": "sell", "source": "Binance", "user": "ETHO  KENYAA", "price": 176.32979973615542, "vol_usd": 300.1199999999999, "timestamp": 1764059347.3185692}, {"type": "buy", "source": "Binance", "user": "SafeHold ", "price": 176.32979973615542, "vol_usd": 10122.410000000003, "timestamp": 1764059347.318579}, {"type": "buy", "source": "Binance", "user": "SafeHold ", "price": 176.32979973615542, "vol_usd": 13887.11, "timestamp": 1764059347.3185883}, {"type": "sell", "source": "Binance", "user": "Always-trade", "price": 176.32979973615542, "vol_usd": 1305256.5999999999, "timestamp": 1764059347.318597}, {"type": "buy", "source": "Binance", "user": "Amana_Traders ", "price": 176.32979973615542, "vol_usd": 993.9600000000064, "timestamp": 1764059347.3186076}, {"type": "sell", "source": "Binance", "user": "Amana_Traders ", "price": 176.32979973615542, "vol_usd": 8264.689999999988, "timestamp": 1764059347.3186169}, {"type": "sell", "source": "Binance", "user": "Hayme_Man", "price": 176.32979973615542, "vol_usd": 11.340000000000032, "timestamp": 1764059347.3186395}, {"type": "buy", "source": "Binance", "user": "The Flash ETB ", "price": 176.32979973615542, "vol_usd": 18014.619999999995, "timestamp": 1764059347.3186488}, {"type": "buy", "source": "Binance", "user": "Ambasel ", "price": 176.32979973615542, "vol_usd": 780376.32, "timestamp": 1764059347.318658}, {"type": "sell", "source": "Binance", "user": "Ambasel ", "price": 176.32979973615542, "vol_usd": 148139.04, "timestamp": 1764059347.3186624}, {"type": "buy", "source": "Binance", "user": "MAYA-Bit", "price": 176.32979973615542, "vol_usd": 70199.68, "timestamp": 1764059347.3186724}, {"type": "buy", "source": "Binance", "user": "Fast_-Pay", "price": 176.31979804586973, "vol_usd": 87549.28000000001, "timestamp": 1764059347.3186915}, {"type": "sell", "source": "Binance", "user": "ABCtrading", "price": 176.31979804586973, "vol_usd": 5.950000000004366, "timestamp": 1764059347.318702}, {"type": "sell", "source": "Binance", "user": "daily hustler ", "price": 175.57967296473106, "vol_usd": 18149.14, "timestamp": 1764059347.3187568}, {"type": "sell", "source": "Binance", "user": "daily hustler ", "price": 175.57967296473106, "vol_usd": 4761.830000000002, "timestamp": 1764059347.3187678}, {"type": "buy", "source": "Binance", "user": "P2P-725zs1Ilo", "price": 175.57967296473106, "vol_usd": 2281.729999999996, "timestamp": 1764059347.3187883}, {"type": "sell", "source": "Binance", "user": "Alazargasol", "price": 175.23961549501865, "vol_usd": 1299.949999999997, "timestamp": 1764059347.3188353}, {"type": "sell", "source": "Binance", "user": "Gitsini", "price": 176.3289179425426, "vol_usd": 503.6899999999987, "timestamp": 1764060273.9033558}, {"type": "buy", "source": "Binance", "user": "M E N H A A J _ 1", "price": 176.3289179425426, "vol_usd": 850.8199999999997, "timestamp": 1764060273.903385}, {"type": "sell", "source": "Binance", "user": "SPECIAL-GIFT", "price": 176.3289179425426, "vol_usd": 92.95000000000073, "timestamp": 1764060273.9033968}, {"type": "sell", "source": "Binance", "user": "McM p7", "price": 176.3289179425426, "vol_usd": 44750.62000000001, "timestamp": 1764060273.9034407}, {"type": "sell", "source": "Binance", "user": "SKY-blue77", "price": 176.3289179425426, "vol_usd": 22304.83, "timestamp": 1764060273.9034545}, {"type": "buy", "source": "Binance", "user": "SabbanFastTrader", "price": 176.3289179425426, "vol_usd": 3891.3099999999977, "timestamp": 1764060273.903472}, {"type": "buy", "source": "Binance", "user": "SabbanFastTrader", "price": 176.3289179425426, "vol_usd": 10248.069999999992, "timestamp": 1764060273.903484}, {"type": "buy", "source": "Binance", "user": "SabbanFastTrader", "price": 176.3289179425426, "vol_usd": 5778.0899999999965, "timestamp": 1764060273.903495}, {"type": "buy", "source": "Binance", "user": "MAYA-Bit", "price": 176.3289179425426, "vol_usd": 50488.030000000006, "timestamp": 1764060273.9035122}, {"type": "buy", "source": "Binance", "user": "MAYA-Bit", "price": 176.3289179425426, "vol_usd": 72366.73000000001, "timestamp": 1764060273.9035263}, {"type": "sell", "source": "Binance", "user": "sayid12", "price": 176.3289179425426, "vol_usd": 34.349999999998545, "timestamp": 1764060273.903543}, {"type": "sell", "source": "Binance", "user": "Aslam72", "price": 176.3289179425426, "vol_usd": 9737.759999999995, "timestamp": 1764060273.9035528}, {"type": "sell", "source": "Binance", "user": "ETHO  KENYAA", "price": 176.3289179425426, "vol_usd": 300.1199999999999, "timestamp": 1764060273.9035673}, {"type": "buy", "source": "Binance", "user": "SafeHold ", "price": 176.3289179425426, "vol_usd": 10122.410000000003, "timestamp": 1764060273.903583}, {"type": "buy", "source": "Binance", "user": "SafeHold ", "price": 176.3289179425426, "vol_usd": 13887.11, "timestamp": 1764060273.9035983}, {"type": "sell", "source": "Binance", "user": "Always-trade", "price": 176.3289179425426, "vol_usd": 1305256.5999999999, "timestamp": 1764060273.9036129}, {"type": "buy", "source": "Binance", "user": "Amana_Traders ", "price": 176.3289179425426, "vol_usd": 993.9600000000064, "timestamp": 1764060273.9036295}, {"type": "sell", "source": "Binance", "user": "Amana_Traders ", "price": 176.3289179425426, "vol_usd": 8264.689999999988, "timestamp": 1764060273.903639}, {"type": "buy", "source": "Binance", "user": "The Flash ETB ", "price": 176.3289179425426, "vol_usd": 17956.309999999998, "timestamp": 1764060273.9036918}, {"type": "buy", "source": "Binance", "user": "Ambasel ", "price": 176.3289179425426, "vol_usd": 780376.32, "timestamp": 1764060273.9037163}, {"type": "sell", "source": "Binance", "user": "Ambasel ", "price": 176.3289179425426, "vol_usd": 148139.04, "timestamp": 1764060273.903726}, {"type": "buy", "source": "Binance", "user": "MAYA-Bit", "price": 176.3289179425426, "vol_usd": 70199.68, "timestamp": 1764060273.903744}, {"type": "buy", "source": "Binance", "user": "Fast_-Pay", "price": 176.31891630227358, "vol_usd": 87549.28000000001, "timestamp": 1764060273.9037662}, {"type": "sell", "source": "Binance", "user": "_Here_We_Go_", "price": 175.58879656263628, "vol_usd": 9.679999999993015, "timestamp": 1764060273.903826}, {"type": "sell", "source": "Binance", "user": "daily hustler ", "price": 175.57879492236728, "vol_usd": 18149.14, "timestamp": 1764060273.903841}, {"type": "sell", "source": "Binance", "user": "daily hustler ", "price": 175.57879492236728, "vol_usd": 4761.830000000002, "timestamp": 1764060273.9038558}, {"type": "sell", "source": "Binance", "user": "Netbet", "price": 175.57879492236728, "vol_usd": 179.82000000000698, "timestamp": 1764060273.9038687}, {"type": "buy", "source": "Binance", "user": "P2P-725zs1Ilo", "price": 175.57879492236728, "vol_usd": 2281.729999999996, "timestamp": 1764060273.9039016}, {"type": "sell", "source": "Binance", "user": "Alazargasol", "price": 175.23873915322113, "vol_usd": 24.950000000000728, "timestamp": 1764060273.9039512}, {"type": "sell", "source": "Binance", "user": "REAL-MONEY", "price": 176.32392959043764, "vol_usd": 496.8099999999977, "timestamp": 1764060988.474452}, {"type": "sell", "source": "Binance", "user": "Common44", "price": 176.31392880037524, "vol_usd": 680.6500000000015, "timestamp": 1764060988.4744914}, {"type": "sell", "source": "Binance", "user": "AaaaaaaaFast", "price": 176.31392880037524, "vol_usd": 42.900000000001455, "timestamp": 1764060988.4745014}, {"type": "sell", "source": "Binance", "user": "McM p7", "price": 176.31392880037524, "vol_usd": 44750.62000000001, "timestamp": 1764060988.4745092}, {"type": "sell", "source": "Binance", "user": "SKY-blue77", "price": 176.31392880037524, "vol_usd": 22304.83, "timestamp": 1764060988.4745207}, {"type": "buy", "source": "Binance", "user": "SabbanFastTrader", "price": 176.31392880037524, "vol_usd": 3891.3099999999977, "timestamp": 1764060988.4745317}, {"type": "buy", "source": "Binance", "user": "SabbanFastTrader", "price": 176.31392880037524, "vol_usd": 10248.069999999992, "timestamp": 1764060988.4745395}, {"type": "buy", "source": "Binance", "user": "SabbanFastTrader", "price": 176.31392880037524, "vol_usd": 5778.0899999999965, "timestamp": 1764060988.4745464}, {"type": "buy", "source": "Binance", "user": "MAYA-Bit", "price": 176.31392880037524, "vol_usd": 50488.030000000006, "timestamp": 1764060988.4745607}, {"type": "buy", "source": "Binance", "user": "MAYA-Bit", "price": 176.31392880037524, "vol_usd": 72366.73000000001, "timestamp": 1764060988.4745681}, {"type": "sell", "source": "Binance", "user": "Aslam72", "price": 176.31392880037524, "vol_usd": 9747.71, "timestamp": 1764060988.4745748}, {"type": "sell", "source": "Binance", "user": "ETHO  KENYAA", "price": 176.31392880037524, "vol_usd": 300.1199999999999, "timestamp": 1764060988.4745827}, {"type": "buy", "source": "Binance", "user": "SafeHold ", "price": 176.31392880037524, "vol_usd": 10122.410000000003, "timestamp": 1764060988.4745913}, {"type": "buy", "source": "Binance", "user": "SafeHold ", "price": 176.31392880037524, "vol_usd": 13887.11, "timestamp": 1764060988.4745994}, {"type": "sell", "source": "Binance", "user": "Always-trade", "price": 176.31392880037524, "vol_usd": 1305256.5999999999, "timestamp": 1764060988.4746077}, {"type": "buy", "source": "Binance", "user": "Amana_Traders ", "price": 176.31392880037524, "vol_usd": 993.9600000000064, "timestamp": 1764060988.4746158}, {"type": "sell", "source": "Binance", "user": "Amana_Traders ", "price": 176.31392880037524, "vol_usd": 8264.689999999988, "timestamp": 1764060988.4746222}, {"type": "sell", "source": "Binance", "user": "real_cryptoo", "price": 176.31392880037524, "vol_usd": 113.43999999999505, "timestamp": 1764060988.4746537}, {"type": "buy", "source": "Binance", "user": "The Flash ETB ", "price": 176.31392880037524, "vol_usd": 17956.309999999998, "timestamp": 1764060988.474665}, {"type": "buy", "source": "Binance", "user": "Ambasel ", "price": 176.31392880037524, "vol_usd": 780379.15, "timestamp": 1764060988.474681}, {"type": "sell", "source": "Binance", "user": "Ambasel ", "price": 176.31392880037524, "vol_usd": 148136.21, "timestamp": 1764060988.4746876}, {"type": "buy", "source": "Binance", "user": "MAYA-Bit", "price": 176.31392880037524, "vol_usd": 70199.68, "timestamp": 1764060988.4746969}, {"type": "sell", "source": "Binance", "user": "nsri", "price": 176.31392880037524, "vol_usd": 11.94999999999709, "timestamp": 1764060988.4747036}, {"type": "buy", "source": "Binance", "user": "Fast_-Pay", "price": 176.3039280103128, "vol_usd": 87549.28000000001, "timestamp": 1764060988.4747179}, {"type": "sell", "source": "Binance", "user": "ABCtrading", "price": 176.3039280103128, "vol_usd": 10.839999999996508, "timestamp": 1764060988.4747262}, {"type": "sell", "source": "Binance", "user": "daily hustler ", "price": 175.56386954569413, "vol_usd": 18149.14, "timestamp": 1764060988.4747744}, {"type": "sell", "source": "Binance", "user": "daily hustler ", "price": 175.56386954569413, "vol_usd": 4761.830000000002, "timestamp": 1764060988.4747813}, {"type": "buy", "source": "Binance", "user": "P2P-725zs1Ilo", "price": 175.56386954569413, "vol_usd": 2281.729999999996, "timestamp": 1764060988.4748008}, {"type": "sell", "source": "Binance", "user": "asse-go-trade", "price": 175.56386954569413, "vol_usd": 8.399999999999636, "timestamp": 1764060988.474811}, {"type": "sell", "source": "Binance", "user": "P2P-725zs1Ilo", "price": 175.56386954569413, "vol_usd": 206.75, "timestamp": 1764060988.4748204}, {"type": "buy", "source": "Binance", "user": "REAL-MONEY", "price": 176.34033053685232, "vol_usd": 42.529999999998836, "timestamp": 1764061672.0846343}, {"type": "sell", "source": "Binance", "user": "McM p7", "price": 176.33032881655646, "vol_usd": 44750.62000000001, "timestamp": 1764061672.0846753}, {"type": "sell", "source": "Binance", "user": "SKY-blue77", "price": 176.33032881655646, "vol_usd": 22304.83, "timestamp": 1764061672.084692}, {"type": "sell", "source": "Binance", "user": "SKY-blue77", "price": 176.33032881655646, "vol_usd": 42.5399999999936, "timestamp": 1764061672.0847}, {"type": "buy", "source": "Binance", "user": "SabbanFastTrader", "price": 176.33032881655646, "vol_usd": 3891.3099999999977, "timestamp": 1764061672.0847166}, {"type": "buy", "source": "Binance", "user": "SabbanFastTrader", "price": 176.33032881655646, "vol_usd": 10248.069999999992, "timestamp": 1764061672.0847268}, {"type": "buy", "source": "Binance", "user": "SabbanFastTrader", "price": 176.33032881655646, "vol_usd": 5778.0899999999965, "timestamp": 1764061672.0847347}, {"type": "buy", "source": "Binance", "user": "MAYA-Bit", "price": 176.33032881655646, "vol_usd": 50488.030000000006, "timestamp": 1764061672.0847487}, {"type": "buy", "source": "Binance", "user": "MAYA-Bit", "price": 176.33032881655646, "vol_usd": 72366.73000000001, "timestamp": 1764061672.0847561}, {"type": "sell", "source": "Binance", "user": "Aslam72", "price": 176.33032881655646, "vol_usd": 9861.29, "timestamp": 1764061672.0847657}, {"type": "sell", "source": "Binance", "user": "Aslam72", "price": 176.33032881655646, "vol_usd": 18.75, "timestamp": 1764061672.0847735}, {"type": "sell", "source": "Binance", "user": "ETHO  KENYAA", "price": 176.33032881655646, "vol_usd": 300.1199999999999, "timestamp": 1764061672.0847816}, {"type": "buy", "source": "Binance", "user": "SafeHold ", "price": 176.33032881655646, "vol_usd": 10122.410000000003, "timestamp": 1764061672.0847917}, {"type": "buy", "source": "Binance", "user": "SafeHold ", "price": 176.33032881655646, "vol_usd": 13887.11, "timestamp": 1764061672.0848007}, {"type": "sell", "source": "Binance", "user": "Always-trade", "price": 176.33032881655646, "vol_usd": 1305256.5999999999, "timestamp": 1764061672.0848098}, {"type": "buy", "source": "Binance", "user": "Amana_Traders ", "price": 176.33032881655646, "vol_usd": 993.9600000000064, "timestamp": 1764061672.0848193}, {"type": "sell", "source": "Binance", "user": "Amana_Traders ", "price": 176.33032881655646, "vol_usd": 8264.689999999988, "timestamp": 1764061672.084828}, {"type": "buy", "source": "Binance", "user": "The Flash ETB ", "price": 176.33032881655646, "vol_usd": 17896.559999999998, "timestamp": 1764061672.0848732}, {"type": "buy", "source": "Binance", "user": "Ambasel ", "price": 176.33032881655646, "vol_usd": 780379.15, "timestamp": 1764061672.084897}, {"type": "sell", "source": "Binance", "user": "Ambasel ", "price": 176.33032881655646, "vol_usd": 148136.21, "timestamp": 1764061672.084909}, {"type": "buy", "source": "Binance", "user": "MAYA-Bit", "price": 176.33032881655646, "vol_usd": 70199.68, "timestamp": 1764061672.0849204}, {"type": "buy", "source": "Binance", "user": "Fast_-Pay", "price": 176.32032709626054, "vol_usd": 87549.28000000001, "timestamp": 1764061672.0849378}, {"type": "buy", "source": "Binance", "user": "ABCtrading", "price": 176.32032709626054, "vol_usd": 5.94999999999709, "timestamp": 1764061672.0849473}, {"type": "sell", "source": "Binance", "user": "_Here_We_Go_", "price": 175.59020151466052, "vol_usd": 22.95000000001164, "timestamp": 1764061672.084993}, {"type": "sell", "source": "Binance", "user": "daily hustler ", "price": 175.58019979436463, "vol_usd": 18149.14, "timestamp": 1764061672.0850065}, {"type": "sell", "source": "Binance", "user": "daily hustler ", "price": 175.58019979436463, "vol_usd": 4761.830000000002, "timestamp": 1764061672.0850182}, {"type": "buy", "source": "Binance", "user": "P2P-725zs1Ilo", "price": 175.58019979436463, "vol_usd": 2488.479999999996, "timestamp": 1764061672.0850415}, {"type": "sell", "source": "Binance", "user": "Alazargasol", "price": 175.24014130430433, "vol_usd": 999.9500000000007, "timestamp": 1764061672.0851097}, {"type": "sell", "source": "Binance", "user": "REAL-MONEY", "price": 176.33592138044293, "vol_usd": 199.95000000000073, "timestamp": 1764062461.6924963}, {"type": "sell", "source": "Binance", "user": "SPECIAL-GIFT", "price": 176.32591991022682, "vol_usd": 699.9500000000007, "timestamp": 1764062461.6925437}, {"type": "sell", "source": "Binance", "user": "Common44", "price": 176.32591991022682, "vol_usd": 57.349999999998545, "timestamp": 1764062461.692558}, {"type": "sell", "source": "Binance", "user": "McM p7", "price": 176.32591991022682, "vol_usd": 44750.62000000001, "timestamp": 1764062461.6925702}, {"type": "sell", "source": "Binance", "user": "SKY-blue77", "price": 176.32591991022682, "vol_usd": 22262.290000000008, "timestamp": 1764062461.69258}, {"type": "buy", "source": "Binance", "user": "SabbanFastTrader", "price": 176.32591991022682, "vol_usd": 3891.3099999999977, "timestamp": 1764062461.6925914}, {"type": "buy", "source": "Binance", "user": "SabbanFastTrader", "price": 176.32591991022682, "vol_usd": 10248.069999999992, "timestamp": 1764062461.6926005}, {"type": "buy", "source": "Binance", "user": "SabbanFastTrader", "price": 176.32591991022682, "vol_usd": 5778.0899999999965, "timestamp": 1764062461.6926086}, {"type": "buy", "source": "Binance", "user": "MAYA-Bit", "price": 176.32591991022682, "vol_usd": 50488.030000000006, "timestamp": 1764062461.6926572}, {"type": "buy", "source": "Binance", "user": "MAYA-Bit", "price": 176.32591991022682, "vol_usd": 72366.73000000001, "timestamp": 1764062461.6926684}, {"type": "sell", "source": "Binance", "user": "sayid12", "price": 176.32591991022682, "vol_usd": 17.61999999999898, "timestamp": 1764062461.6926763}, {"type": "sell", "source": "Binance", "user": "Aslam72", "price": 176.32591991022682, "vol_usd": 9855.239999999998, "timestamp": 1764062461.6926835}, {"type": "sell", "source": "Binance", "user": "ETHO  KENYAA", "price": 176.32591991022682, "vol_usd": 300.1199999999999, "timestamp": 1764062461.6926923}, {"type": "buy", "source": "Binance", "user": "SafeHold ", "price": 176.32591991022682, "vol_usd": 10122.410000000003, "timestamp": 1764062461.6927009}, {"type": "buy", "source": "Binance", "user": "SafeHold ", "price": 176.32591991022682, "vol_usd": 13887.11, "timestamp": 1764062461.6927092}, {"type": "sell", "source": "Binance", "user": "Always-trade", "price": 176.32591991022682, "vol_usd": 1305256.5999999999, "timestamp": 1764062461.6927176}, {"type": "buy", "source": "Binance", "user": "Amana_Traders ", "price": 176.32591991022682, "vol_usd": 993.9600000000064, "timestamp": 1764062461.6927264}, {"type": "sell", "source": "Binance", "user": "Amana_Traders ", "price": 176.32591991022682, "vol_usd": 8264.689999999988, "timestamp": 1764062461.6927335}, {"type": "buy", "source": "Binance", "user": "The Flash ETB ", "price": 176.32591991022682, "vol_usd": 17636.710000000006, "timestamp": 1764062461.6927736}, {"type": "buy", "source": "Binance", "user": "Ambasel ", "price": 176.32591991022682, "vol_usd": 780379.15, "timestamp": 1764062461.6927948}, {"type": "sell", "source": "Binance", "user": "Ambasel ", "price": 176.32591991022682, "vol_usd": 148136.21, "timestamp": 1764062461.6928003}, {"type": "buy", "source": "Binance", "user": "MAYA-Bit", "price": 176.32591991022682, "vol_usd": 70199.68, "timestamp": 1764062461.6928062}, {"type": "buy", "source": "Binance", "user": "Fast_-Pay", "price": 176.31591844001068, "vol_usd": 87549.28000000001, "timestamp": 1764062461.6928165}, {"type": "sell", "source": "Binance", "user": "daily hustler ", "price": 175.57580964401768, "vol_usd": 18149.14, "timestamp": 1764062461.6928458}, {"type": "sell", "source": "Binance", "user": "daily hustler ", "price": 175.57580964401768, "vol_usd": 4761.830000000002, "timestamp": 1764062461.6928504}, {"type": "sell", "source": "Binance", "user": "AB-Mark", "price": 175.57580964401768, "vol_usd": 252.71999999999753, "timestamp": 1764062461.6928596}, {"type": "buy", "source": "Binance", "user": "P2P-725zs1Ilo", "price": 175.57580964401768, "vol_usd": 2488.479999999996, "timestamp": 1764062461.6928658}, {"type": "sell", "source": "Binance", "user": "REAL-MONEY", "price": 176.32198989531287, "vol_usd": 199.89999999999782, "timestamp": 1764063337.2057424}, {"type": "sell", "source": "Binance", "user": "SPECIAL-GIFT", "price": 176.31198921526664, "vol_usd": 737.369999999999, "timestamp": 1764063337.205769}, {"type": "sell", "source": "Binance", "user": "AaaaaaaaFast", "price": 176.31198921526664, "vol_usd": 59.63999999999942, "timestamp": 1764063337.2057803}, {"type": "sell", "source": "Binance", "user": "McM p7", "price": 176.31198921526664, "vol_usd": 45374.54000000001, "timestamp": 1764063337.2057872}, {"type": "sell", "source": "Binance", "user": "McM p7", "price": 176.31198921526664, "vol_usd": 109.44999999999709, "timestamp": 1764063337.2057962}, {"type": "sell", "source": "Binance", "user": "SKY-blue77", "price": 176.31198921526664, "vol_usd": 22375.729999999996, "timestamp": 1764063337.205804}, {"type": "buy", "source": "Binance", "user": "SabbanFastTrader", "price": 176.31198921526664, "vol_usd": 3891.3099999999977, "timestamp": 1764063337.2058156}, {"type": "buy", "source": "Binance", "user": "SabbanFastTrader", "price": 176.31198921526664, "vol_usd": 10248.069999999992, "timestamp": 1764063337.2058256}, {"type": "buy", "source": "Binance", "user": "SabbanFastTrader", "price": 176.31198921526664, "vol_usd": 5778.0899999999965, "timestamp": 1764063337.205834}, {"type": "buy", "source": "Binance", "user": "MAYA-Bit", "price": 176.31198921526664, "vol_usd": 50488.030000000006, "timestamp": 1764063337.20585}, {"type": "buy", "source": "Binance", "user": "MAYA-Bit", "price": 176.31198921526664, "vol_usd": 72366.73000000001, "timestamp": 1764063337.205862}, {"type": "sell", "source": "Binance", "user": "Aslam72", "price": 176.31198921526664, "vol_usd": 9896.220000000001, "timestamp": 1764063337.2058716}, {"type": "sell", "source": "Binance", "user": "ETHO  KENYAA", "price": 176.31198921526664, "vol_usd": 300.1199999999999, "timestamp": 1764063337.2058825}, {"type": "buy", "source": "Binance", "user": "SafeHold ", "price": 176.31198921526664, "vol_usd": 10122.410000000003, "timestamp": 1764063337.2058926}, {"type": "buy", "source": "Binance", "user": "SafeHold ", "price": 176.31198921526664, "vol_usd": 13887.11, "timestamp": 1764063337.2059026}, {"type": "sell", "source": "Binance", "user": "Always-trade", "price": 176.31198921526664, "vol_usd": 1305274.25, "timestamp": 1764063337.2059128}, {"type": "buy", "source": "Binance", "user": "Amana_Traders ", "price": 176.31198921526664, "vol_usd": 993.9600000000064, "timestamp": 1764063337.205924}, {"type": "sell", "source": "Binance", "user": "Amana_Traders ", "price": 176.31198921526664, "vol_usd": 8264.689999999988, "timestamp": 1764063337.205931}, {"type": "buy", "source": "Binance", "user": "The Flash ETB ", "price": 176.31198921526664, "vol_usd": 17091.440000000002, "timestamp": 1764063337.2059774}, {"type": "buy", "source": "Binance", "user": "Ambasel ", "price": 176.31198921526664, "vol_usd": 780379.15, "timestamp": 1764063337.2059975}, {"type": "sell", "source": "Binance", "user": "Ambasel ", "price": 176.31198921526664, "vol_usd": 148136.21, "timestamp": 1764063337.2060063}, {"type": "sell", "source": "Binance", "user": "quufaa-trader", "price": 176.31198921526664, "vol_usd": 13.889999999999418, "timestamp": 1764063337.2060175}, {"type": "buy", "source": "Binance", "user": "MAYA-Bit", "price": 176.31198921526664, "vol_usd": 70199.68, "timestamp": 1764063337.2060258}, {"type": "buy", "source": "Binance", "user": "Fast_-Pay", "price": 176.30198853522037, "vol_usd": 87549.28000000001, "timestamp": 1764063337.2060456}, {"type": "sell", "source": "Binance", "user": "daily hustler ", "price": 175.5619382117984, "vol_usd": 18149.14, "timestamp": 1764063337.2061105}, {"type": "sell", "source": "Binance", "user": "daily hustler ", "price": 175.5619382117984, "vol_usd": 4761.830000000002, "timestamp": 1764063337.2061245}, {"type": "buy", "source": "Binance", "user": "P2P-725zs1Ilo", "price": 175.5619382117984, "vol_usd": 2488.479999999996, "timestamp": 1764063337.2061477}, {"type": "sell", "source": "Binance", "user": "REAL-MONEY", "price": 176.32675104134893, "vol_usd": 34.95000000000073, "timestamp": 1764063986.348435}, {"type": "sell", "source": "Binance", "user": "Gitsini", "price": 176.31675009125868, "vol_usd": 28.360000000000582, "timestamp": 1764063986.34846}, {"type": "sell", "source": "Binance", "user": "AaaaaaaaFast", "price": 176.31675009125868, "vol_usd": 20.89999999999418, "timestamp": 1764063986.3484843}, {"type": "sell", "source": "Binance", "user": "McM p7", "price": 176.31675009125868, "vol_usd": 45265.09000000001, "timestamp": 1764063986.3484986}, {"type": "sell", "source": "Binance", "user": "SKY-blue77", "price": 176.31675009125868, "vol_usd": 22375.729999999996, "timestamp": 1764063986.3485136}, {"type": "buy", "source": "Binance", "user": "SabbanFastTrader", "price": 176.31675009125868, "vol_usd": 3891.3099999999977, "timestamp": 1764063986.3485293}, {"type": "buy", "source": "Binance", "user": "SabbanFastTrader", "price": 176.31675009125868, "vol_usd": 10248.069999999992, "timestamp": 1764063986.3485444}, {"type": "buy", "source": "Binance", "user": "SabbanFastTrader", "price": 176.31675009125868, "vol_usd": 5778.0899999999965, "timestamp": 1764063986.348557}, {"type": "buy", "source": "Binance", "user": "MAYA-Bit", "price": 176.31675009125868, "vol_usd": 50488.030000000006, "timestamp": 1764063986.3485763}, {"type": "buy", "source": "Binance", "user": "MAYA-Bit", "price": 176.31675009125868, "vol_usd": 72366.73000000001, "timestamp": 1764063986.3486266}, {"type": "sell", "source": "Binance", "user": "Aslam72", "price": 176.31675009125868, "vol_usd": 9896.220000000001, "timestamp": 1764063986.348644}, {"type": "sell", "source": "Binance", "user": "Aslam72", "price": 176.31675009125868, "vol_usd": 9.94999999999709, "timestamp": 1764063986.348657}, {"type": "sell", "source": "Binance", "user": "ETHO  KENYAA", "price": 176.31675009125868, "vol_usd": 300.1199999999999, "timestamp": 1764063986.34867}, {"type": "buy", "source": "Binance", "user": "SafeHold ", "price": 176.31675009125868, "vol_usd": 10122.410000000003, "timestamp": 1764063986.3486834}, {"type": "buy", "source": "Binance", "user": "SafeHold ", "price": 176.31675009125868, "vol_usd": 13887.11, "timestamp": 1764063986.3486972}, {"type": "sell", "source": "Binance", "user": "Always-trade", "price": 176.31675009125868, "vol_usd": 1305274.25, "timestamp": 1764063986.34871}, {"type": "buy", "source": "Binance", "user": "Amana_Traders ", "price": 176.31675009125868, "vol_usd": 993.9600000000064, "timestamp": 1764063986.3487236}, {"type": "sell", "source": "Binance", "user": "Amana_Traders ", "price": 176.31675009125868, "vol_usd": 8264.689999999988, "timestamp": 1764063986.3487363}, {"type": "buy", "source": "Binance", "user": "The Flash ETB ", "price": 176.31675009125868, "vol_usd": 17091.440000000002, "timestamp": 1764063986.348768}, {"type": "buy", "source": "Binance", "user": "Ambasel ", "price": 176.31675009125868, "vol_usd": 780382.1, "timestamp": 1764063986.3487883}, {"type": "sell", "source": "Binance", "user": "Ambasel ", "price": 176.31675009125868, "vol_usd": 148133.26, "timestamp": 1764063986.3488011}, {"type": "sell", "source": "Binance", "user": "Ambasel ", "price": 176.31675009125868, "vol_usd": 8.119999999995343, "timestamp": 1764063986.3488097}, {"type": "buy", "source": "Binance", "user": "MAYA-Bit", "price": 176.31675009125868, "vol_usd": 70199.68, "timestamp": 1764063986.348824}, {"type": "buy", "source": "Binance", "user": "Fast_-Pay", "price": 176.30674914116838, "vol_usd": 87549.28000000001, "timestamp": 1764063986.3488472}, {"type": "sell", "source": "Binance", "user": "daily hustler ", "price": 175.56667883448927, "vol_usd": 18149.14, "timestamp": 1764063986.348921}, {"type": "sell", "source": "Binance", "user": "daily hustler ", "price": 175.56667883448927, "vol_usd": 4761.830000000002, "timestamp": 1764063986.3489356}, {"type": "buy", "source": "Binance", "user": "P2P-725zs1Ilo", "price": 175.56667883448927, "vol_usd": 2488.479999999996, "timestamp": 1764063986.3489637}, {"type": "sell", "source": "Binance", "user": "REAL-MONEY", "price": 176.32851449402187, "vol_usd": 238.27999999999884, "timestamp": 1764064493.1783376}, {"type": "sell", "source": "Binance", "user": "AaaaaaaaFast", "price": 176.31851344391163, "vol_usd": 19.900000000001455, "timestamp": 1764064493.1783955}, {"type": "sell", "source": "Binance", "user": "McM p7", "price": 176.31851344391163, "vol_usd": 47148.240000000005, "timestamp": 1764064493.1784115}, {"type": "sell", "source": "Binance", "user": "SKY-blue77", "price": 176.31851344391163, "vol_usd": 22681.180000000008, "timestamp": 1764064493.1784227}, {"type": "buy", "source": "Binance", "user": "SabbanFastTrader", "price": 176.31851344391163, "vol_usd": 3891.3099999999977, "timestamp": 1764064493.178439}, {"type": "buy", "source": "Binance", "user": "SabbanFastTrader", "price": 176.31851344391163, "vol_usd": 10248.069999999992, "timestamp": 1764064493.1784704}, {"type": "buy", "source": "Binance", "user": "SabbanFastTrader", "price": 176.31851344391163, "vol_usd": 5778.0899999999965, "timestamp": 1764064493.1784837}, {"type": "buy", "source": "Binance", "user": "MAYA-Bit", "price": 176.31851344391163, "vol_usd": 50488.030000000006, "timestamp": 1764064493.1784997}, {"type": "buy", "source": "Binance", "user": "MAYA-Bit", "price": 176.31851344391163, "vol_usd": 72366.73000000001, "timestamp": 1764064493.1785083}, {"type": "sell", "source": "Binance", "user": "Aslam72", "price": 176.31851344391163, "vol_usd": 9886.270000000004, "timestamp": 1764064493.1785183}, {"type": "sell", "source": "Binance", "user": "ETHO  KENYAA", "price": 176.31851344391163, "vol_usd": 300.1199999999999, "timestamp": 1764064493.178529}, {"type": "buy", "source": "Binance", "user": "SafeHold ", "price": 176.31851344391163, "vol_usd": 10122.410000000003, "timestamp": 1764064493.1785393}, {"type": "buy", "source": "Binance", "user": "SafeHold ", "price": 176.31851344391163, "vol_usd": 13887.11, "timestamp": 1764064493.1785495}, {"type": "sell", "source": "Binance", "user": "Always-trade", "price": 176.31851344391163, "vol_usd": 1305274.25, "timestamp": 1764064493.1785595}, {"type": "buy", "source": "Binance", "user": "Amana_Traders ", "price": 176.31851344391163, "vol_usd": 993.9600000000064, "timestamp": 1764064493.17857}, {"type": "sell", "source": "Binance", "user": "Amana_Traders ", "price": 176.31851344391163, "vol_usd": 8264.689999999988, "timestamp": 1764064493.178633}, {"type": "buy", "source": "Binance", "user": "The Flash ETB ", "price": 176.31851344391163, "vol_usd": 17091.440000000002, "timestamp": 1764064493.1786792}, {"type": "sell", "source": "Binance", "user": "Super_trader9", "price": 176.31851344391163, "vol_usd": 29.95000000001164, "timestamp": 1764064493.1786978}, {"type": "buy", "source": "Binance", "user": "Ambasel ", "price": 176.31851344391163, "vol_usd": 780390.22, "timestamp": 1764064493.178707}, {"type": "sell", "source": "Binance", "user": "Ambasel ", "price": 176.31851344391163, "vol_usd": 148125.14, "timestamp": 1764064493.1787152}, {"type": "buy", "source": "Binance", "user": "MAYA-Bit", "price": 176.31851344391163, "vol_usd": 70199.68, "timestamp": 1764064493.1787271}, {"type": "buy", "source": "Binance", "user": "Fast_-Pay", "price": 176.30851239380135, "vol_usd": 87549.28000000001, "timestamp": 1764064493.1787467}, {"type": "sell", "source": "Binance", "user": "ABCtrading", "price": 176.30851239380135, "vol_usd": 5.94999999999709, "timestamp": 1764064493.1787572}, {"type": "sell", "source": "Binance", "user": "dodohavq", "price": 176.2985113436911, "vol_usd": 6.800000000000182, "timestamp": 1764064493.1787715}, {"type": "sell", "source": "Binance", "user": "Tawakal-99", "price": 175.5884367858625, "vol_usd": 5.94999999999709, "timestamp": 1764064493.1788058}, {"type": "sell", "source": "Binance", "user": "daily hustler ", "price": 175.56843468564202, "vol_usd": 18149.14, "timestamp": 1764064493.1788251}, {"type": "sell", "source": "Binance", "user": "daily hustler ", "price": 175.56843468564202, "vol_usd": 4911.779999999999, "timestamp": 1764064493.178834}, {"type": "buy", "source": "Binance", "user": "P2P-725zs1Ilo", "price": 175.56843468564202, "vol_usd": 2488.479999999996, "timestamp": 1764064493.1788566}, {"type": "sell", "source": "Binance", "user": "REAL-MONEY", "price": 176.32040290377134, "vol_usd": 51.890000000003056, "timestamp": 1764065027.6411538}, {"type": "sell", "source": "Binance", "user": "Gitsini", "price": 176.31040231373652, "vol_usd": 553.6699999999983, "timestamp": 1764065027.6411753}, {"type": "sell", "source": "Binance", "user": "McM p7", "price": 176.31040231373652, "vol_usd": 47148.240000000005, "timestamp": 1764065027.641191}, {"type": "sell", "source": "Binance", "user": "SKY-blue77", "price": 176.31040231373652, "vol_usd": 22763.42, "timestamp": 1764065027.6411977}, {"type": "buy", "source": "Binance", "user": "SabbanFastTrader", "price": 176.31040231373652, "vol_usd": 3891.3099999999977, "timestamp": 1764065027.641209}, {"type": "buy", "source": "Binance", "user": "SabbanFastTrader", "price": 176.31040231373652, "vol_usd": 10248.069999999992, "timestamp": 1764065027.6412196}, {"type": "buy", "source": "Binance", "user": "SabbanFastTrader", "price": 176.31040231373652, "vol_usd": 5778.0899999999965, "timestamp": 1764065027.6412294}, {"type": "buy", "source": "Binance", "user": "MAYA-Bit", "price": 176.31040231373652, "vol_usd": 50488.030000000006, "timestamp": 1764065027.6412427}, {"type": "buy", "source": "Binance", "user": "MAYA-Bit", "price": 176.31040231373652, "vol_usd": 72366.73000000001, "timestamp": 1764065027.6412504}, {"type": "sell", "source": "Binance", "user": "sayid12", "price": 176.31040231373652, "vol_usd": 16.87000000000262, "timestamp": 1764065027.641259}, {"type": "sell", "source": "Binance", "user": "Aslam72", "price": 176.31040231373652, "vol_usd": 9969.830000000002, "timestamp": 1764065027.641268}, {"type": "sell", "source": "Binance", "user": "ETHO  KENYAA", "price": 176.31040231373652, "vol_usd": 300.1199999999999, "timestamp": 1764065027.6412811}, {"type": "buy", "source": "Binance", "user": "SafeHold ", "price": 176.31040231373652, "vol_usd": 10122.410000000003, "timestamp": 1764065027.64129}, {"type": "buy", "source": "Binance", "user": "SafeHold ", "price": 176.31040231373652, "vol_usd": 13887.11, "timestamp": 1764065027.6412988}, {"type": "sell", "source": "Binance", "user": "Always-trade", "price": 176.31040231373652, "vol_usd": 1305274.25, "timestamp": 1764065027.6413074}, {"type": "buy", "source": "Binance", "user": "Amana_Traders ", "price": 176.31040231373652, "vol_usd": 993.9600000000064, "timestamp": 1764065027.6413164}, {"type": "sell", "source": "Binance", "user": "Amana_Traders ", "price": 176.31040231373652, "vol_usd": 8264.689999999988, "timestamp": 1764065027.6413236}, {"type": "buy", "source": "Binance", "user": "The Flash ETB ", "price": 176.31040231373652, "vol_usd": 16609.630000000005, "timestamp": 1764065027.6413624}, {"type": "buy", "source": "Binance", "user": "Ambasel ", "price": 176.31040231373652, "vol_usd": 780395.1699999999, "timestamp": 1764065027.6413813}, {"type": "sell", "source": "Binance", "user": "Ambasel ", "price": 176.31040231373652, "vol_usd": 148120.19, "timestamp": 1764065027.6413903}, {"type": "buy", "source": "Binance", "user": "MAYA-Bit", "price": 176.31040231373652, "vol_usd": 70199.68, "timestamp": 1764065027.6414044}, {"type": "buy", "source": "Binance", "user": "Fast_-Pay", "price": 176.3004017237017, "vol_usd": 87549.28000000001, "timestamp": 1764065027.6414201}, {"type": "buy", "source": "Binance", "user": "dodohavq", "price": 176.2904011336669, "vol_usd": 6.800000000000182, "timestamp": 1764065027.641435}, {"type": "sell", "source": "Binance", "user": "daily hustler ", "price": 175.5603580611256, "vol_usd": 18149.14, "timestamp": 1764065027.641474}, {"type": "sell", "source": "Binance", "user": "daily hustler ", "price": 175.5603580611256, "vol_usd": 4761.830000000002, "timestamp": 1764065027.6414826}, {"type": "buy", "source": "Binance", "user": "P2P-725zs1Ilo", "price": 175.5603580611256, "vol_usd": 2488.479999999996, "timestamp": 1764065027.6415145}, {"type": "buy", "source": "Binance", "user": "REAL-MONEY", "price": 176.32251889884182, "vol_usd": 171.60000000000218, "timestamp": 1764065759.6262155}, {"type": "sell", "source": "Binance", "user": "Gitsini", "price": 176.31251818879142, "vol_usd": 199.90000000000146, "timestamp": 1764065759.6262362}, {"type": "sell", "source": "Binance", "user": "AaaaaaaaFast", "price": 176.31251818879142, "vol_usd": 5.669999999998254, "timestamp": 1764065759.6262605}, {"type": "sell", "source": "Binance", "user": "McM p7", "price": 176.31251818879142, "vol_usd": 47403.48000000001, "timestamp": 1764065759.6262705}, {"type": "sell", "source": "Binance", "user": "SKY-blue77", "price": 176.31251818879142, "vol_usd": 22763.42, "timestamp": 1764065759.626282}, {"type": "sell", "source": "Binance", "user": "SKY-blue77", "price": 176.31251818879142, "vol_usd": 99.94999999999709, "timestamp": 1764065759.626291}, {"type": "sell", "source": "Binance", "user": "TawekalTrade", "price": 176.31251818879142, "vol_usd": 1199.9500000000007, "timestamp": 1764065759.6262999}, {"type": "buy", "source": "Binance", "user": "SabbanFastTrader", "price": 176.31251818879142, "vol_usd": 3891.3099999999977, "timestamp": 1764065759.6263115}, {"type": "buy", "source": "Binance", "user": "SabbanFastTrader", "price": 176.31251818879142, "vol_usd": 10248.069999999992, "timestamp": 1764065759.6263175}, {"type": "buy", "source": "Binance", "user": "SabbanFastTrader", "price": 176.31251818879142, "vol_usd": 5778.0899999999965, "timestamp": 1764065759.6263235}, {"type": "buy", "source": "Binance", "user": "MAYA-Bit", "price": 176.31251818879142, "vol_usd": 50488.030000000006, "timestamp": 1764065759.6263335}, {"type": "buy", "source": "Binance", "user": "MAYA-Bit", "price": 176.31251818879142, "vol_usd": 72366.73000000001, "timestamp": 1764065759.6263418}, {"type": "sell", "source": "Binance", "user": "sayid12", "price": 176.31251818879142, "vol_usd": 14.739999999997963, "timestamp": 1764065759.6263502}, {"type": "sell", "source": "Binance", "user": "Aslam72", "price": 176.31251818879142, "vol_usd": 9998.279999999999, "timestamp": 1764065759.6263576}, {"type": "sell", "source": "Binance", "user": "ETHO  KENYAA", "price": 176.31251818879142, "vol_usd": 300.1199999999999, "timestamp": 1764065759.6263676}, {"type": "buy", "source": "Binance", "user": "SafeHold ", "price": 176.31251818879142, "vol_usd": 10122.410000000003, "timestamp": 1764065759.6263769}, {"type": "buy", "source": "Binance", "user": "SafeHold ", "price": 176.31251818879142, "vol_usd": 13887.11, "timestamp": 1764065759.6263864}, {"type": "sell", "source": "Binance", "user": "Always-trade", "price": 176.31251818879142, "vol_usd": 1305274.25, "timestamp": 1764065759.6263957}, {"type": "buy", "source": "Binance", "user": "Amana_Traders ", "price": 176.31251818879142, "vol_usd": 993.9600000000064, "timestamp": 1764065759.626406}, {"type": "sell", "source": "Binance", "user": "Amana_Traders ", "price": 176.31251818879142, "vol_usd": 8264.689999999988, "timestamp": 1764065759.6264157}, {"type": "buy", "source": "Binance", "user": "The Flash ETB ", "price": 176.31251818879142, "vol_usd": 16459.67, "timestamp": 1764065759.6264617}, {"type": "buy", "source": "Binance", "user": "Ambasel ", "price": 176.31251818879142, "vol_usd": 780395.1699999999, "timestamp": 1764065759.6264827}, {"type": "sell", "source": "Binance", "user": "Ambasel ", "price": 176.31251818879142, "vol_usd": 148120.19, "timestamp": 1764065759.6264923}, {"type": "sell", "source": "Binance", "user": "Ambasel ", "price": 176.31251818879142, "vol_usd": 5.489999999990687, "timestamp": 1764065759.6265004}, {"type": "buy", "source": "Binance", "user": "MAYA-Bit", "price": 176.31251818879142, "vol_usd": 70199.68, "timestamp": 1764065759.626511}, {"type": "buy", "source": "Binance", "user": "Fast_-Pay", "price": 176.30251747874098, "vol_usd": 87549.28000000001, "timestamp": 1764065759.6265318}, {"type": "buy", "source": "Binance", "user": "Tawakal-99", "price": 175.58246635511122, "vol_usd": 5.94999999999709, "timestamp": 1764065759.626577}, {"type": "sell", "source": "Binance", "user": "daily hustler ", "price": 175.5624649350104, "vol_usd": 18149.14, "timestamp": 1764065759.626597}, {"type": "sell", "source": "Binance", "user": "daily hustler ", "price": 175.5624649350104, "vol_usd": 4761.830000000002, "timestamp": 1764065759.6266255}, {"type": "buy", "source": "Binance", "user": "P2P-725zs1Ilo", "price": 175.5624649350104, "vol_usd": 2488.479999999996, "timestamp": 1764065759.6266487}, {"type": "sell", "source": "Binance", "user": "REAL-MONEY", "price": 176.32498762394803, "vol_usd": 455.09000000000015, "timestamp": 1764066670.9027207}, {"type": "sell", "source": "Binance", "user": "SPECIAL-GIFT", "price": 176.3149867738758, "vol_usd": 283.4500000000007, "timestamp": 1764066670.902746}, {"type": "sell", "source": "Binance", "user": "Common44", "price": 176.3149867738758, "vol_usd": 899.9500000000007, "timestamp": 1764066670.9027543}, {"type": "sell", "source": "Binance", "user": "Tinsaye_Z_Ethiopia", "price": 176.3149867738758, "vol_usd": 171.95000000000437, "timestamp": 1764066670.9027643}, {"type": "sell", "source": "Binance", "user": "McM p7", "price": 176.3149867738758, "vol_usd": 47403.48000000001, "timestamp": 1764066670.9027743}, {"type": "sell", "source": "Binance", "user": "SKY-blue77", "price": 176.3149867738758, "vol_usd": 22663.47, "timestamp": 1764066670.9028094}, {"type": "buy", "source": "Binance", "user": "SabbanFastTrader", "price": 176.3149867738758, "vol_usd": 3891.3099999999977, "timestamp": 1764066670.9028265}, {"type": "buy", "source": "Binance", "user": "SabbanFastTrader", "price": 176.3149867738758, "vol_usd": 10248.069999999992, "timestamp": 1764066670.9028387}, {"type": "buy", "source": "Binance", "user": "SabbanFastTrader", "price": 176.3149867738758, "vol_usd": 5778.0899999999965, "timestamp": 1764066670.9028466}, {"type": "buy", "source": "Binance", "user": "MAYA-Bit", "price": 176.3149867738758, "vol_usd": 50015.46, "timestamp": 1764066670.902865}, {"type": "buy", "source": "Binance", "user": "MAYA-Bit", "price": 176.3149867738758, "vol_usd": 72366.73000000001, "timestamp": 1764066670.9028752}, {"type": "sell", "source": "Binance", "user": "sayid12", "price": 176.3149867738758, "vol_usd": 25.610000000000582, "timestamp": 1764066670.9028826}, {"type": "sell", "source": "Binance", "user": "Aslam72", "price": 176.3149867738758, "vol_usd": 9998.279999999999, "timestamp": 1764066670.9028933}, {"type": "sell", "source": "Binance", "user": "ETHO  KENYAA", "price": 176.3149867738758, "vol_usd": 300.1199999999999, "timestamp": 1764066670.902903}, {"type": "buy", "source": "Binance", "user": "SafeHold ", "price": 176.3149867738758, "vol_usd": 10122.410000000003, "timestamp": 1764066670.9029145}, {"type": "buy", "source": "Binance", "user": "SafeHold ", "price": 176.3149867738758, "vol_usd": 13887.11, "timestamp": 1764066670.9029274}, {"type": "sell", "source": "Binance", "user": "Always-trade", "price": 176.3149867738758, "vol_usd": 1305274.25, "timestamp": 1764066670.902939}, {"type": "buy", "source": "Binance", "user": "Amana_Traders ", "price": 176.3149867738758, "vol_usd": 993.9600000000064, "timestamp": 1764066670.902951}, {"type": "sell", "source": "Binance", "user": "Amana_Traders ", "price": 176.3149867738758, "vol_usd": 8264.689999999988, "timestamp": 1764066670.9029608}, {"type": "sell", "source": "Binance", "user": "Zenith-UA", "price": 176.3149867738758, "vol_usd": 5.669999999998254, "timestamp": 1764066670.9029915}, {"type": "buy", "source": "Binance", "user": "The Flash ETB ", "price": 176.3149867738758, "vol_usd": 16095.589999999997, "timestamp": 1764066670.9030104}, {"type": "sell", "source": "Binance", "user": "kemalabduyasin", "price": 176.3149867738758, "vol_usd": 1699.949999999997, "timestamp": 1764066670.903019}, {"type": "buy", "source": "Binance", "user": "Ambasel ", "price": 176.3149867738758, "vol_usd": 780400.6599999999, "timestamp": 1764066670.9030318}, {"type": "sell", "source": "Binance", "user": "Ambasel ", "price": 176.3149867738758, "vol_usd": 148114.7, "timestamp": 1764066670.903039}, {"type": "buy", "source": "Binance", "user": "MAYA-Bit", "price": 176.3149867738758, "vol_usd": 70199.68, "timestamp": 1764066670.9030488}, {"type": "buy", "source": "Binance", "user": "Fast_-Pay", "price": 176.3049859238035, "vol_usd": 87549.28000000001, "timestamp": 1764066670.9030657}, {"type": "sell", "source": "Binance", "user": "FanToshi EXchange", "price": 176.3049859238035, "vol_usd": 11.94999999999709, "timestamp": 1764066670.9030793}, {"type": "sell", "source": "Binance", "user": "daily hustler ", "price": 175.56492301845657, "vol_usd": 18149.14, "timestamp": 1764066670.9031277}, {"type": "sell", "source": "Binance", "user": "daily hustler ", "price": 175.56492301845657, "vol_usd": 4761.830000000002, "timestamp": 1764066670.9031353}, {"type": "sell", "source": "Binance", "user": "Fast_Business_Honestly-1", "price": 175.56492301845657, "vol_usd": 203.36999999999534, "timestamp": 1764066670.9031525}, {"type": "buy", "source": "Binance", "user": "P2P-725zs1Ilo", "price": 175.56492301845657, "vol_usd": 2488.479999999996, "timestamp": 1764066670.9031596}, {"type": "sell", "source": "Binance", "user": "asse-go-trade", "price": 175.56492301845657, "vol_usd": 8.949999999998909, "timestamp": 1764066670.9031758}, {"type": "sell", "source": "Binance", "user": "REAL-MONEY", "price": 176.32780910871998, "vol_usd": 264.8500000000022, "timestamp": 1764067498.4962025}, {"type": "sell", "source": "Binance", "user": "HT2424", "price": 176.31780809861797, "vol_usd": 9580.79, "timestamp": 1764067498.496226}, {"type": "sell", "source": "Binance", "user": "SPECIAL-GIFT", "price": 176.31780809861797, "vol_usd": 28.360000000000582, "timestamp": 1764067498.4962423}, {"type": "sell", "source": "Binance", "user": "McM p7", "price": 176.31780809861797, "vol_usd": 47403.48000000001, "timestamp": 1764067498.496257}, {"type": "sell", "source": "Binance", "user": "SKY-blue77", "price": 176.31780809861797, "vol_usd": 22663.47, "timestamp": 1764067498.496271}, {"type": "buy", "source": "Binance", "user": "SabbanFastTrader", "price": 176.31780809861797, "vol_usd": 3891.3099999999977, "timestamp": 1764067498.4962862}, {"type": "buy", "source": "Binance", "user": "SabbanFastTrader", "price": 176.31780809861797, "vol_usd": 10248.069999999992, "timestamp": 1764067498.4963021}, {"type": "buy", "source": "Binance", "user": "SabbanFastTrader", "price": 176.31780809861797, "vol_usd": 5778.0899999999965, "timestamp": 1764067498.496311}, {"type": "buy", "source": "Binance", "user": "MAYA-Bit", "price": 176.31780809861797, "vol_usd": 48881.04, "timestamp": 1764067498.496334}, {"type": "buy", "source": "Binance", "user": "MAYA-Bit", "price": 176.31780809861797, "vol_usd": 72366.73000000001, "timestamp": 1764067498.4963472}, {"type": "sell", "source": "Binance", "user": "sayid12", "price": 176.31780809861797, "vol_usd": 83.88999999999942, "timestamp": 1764067498.4963553}, {"type": "sell", "source": "Binance", "user": "Aslam72", "price": 176.31780809861797, "vol_usd": 10006.129999999997, "timestamp": 1764067498.4963634}, {"type": "sell", "source": "Binance", "user": "ETHO  KENYAA", "price": 176.31780809861797, "vol_usd": 300.1199999999999, "timestamp": 1764067498.496373}, {"type": "buy", "source": "Binance", "user": "SafeHold ", "price": 176.31780809861797, "vol_usd": 10122.410000000003, "timestamp": 1764067498.4963825}, {"type": "buy", "source": "Binance", "user": "SafeHold ", "price": 176.31780809861797, "vol_usd": 13887.11, "timestamp": 1764067498.4963918}, {"type": "sell", "source": "Binance", "user": "Always-trade", "price": 176.31780809861797, "vol_usd": 1305274.25, "timestamp": 1764067498.4964008}, {"type": "buy", "source": "Binance", "user": "Amana_Traders ", "price": 176.31780809861797, "vol_usd": 993.9600000000064, "timestamp": 1764067498.4964108}, {"type": "sell", "source": "Binance", "user": "Amana_Traders ", "price": 176.31780809861797, "vol_usd": 8264.689999999988, "timestamp": 1764067498.496419}, {"type": "sell", "source": "Binance", "user": "real_cryptoo", "price": 176.31780809861797, "vol_usd": 850.8199999999997, "timestamp": 1764067498.496454}, {"type": "buy", "source": "Binance", "user": "The Flash ETB ", "price": 176.31780809861797, "vol_usd": 16095.589999999997, "timestamp": 1764067498.496472}, {"type": "buy", "source": "Binance", "user": "Ambasel ", "price": 176.31780809861797, "vol_usd": 780400.6599999999, "timestamp": 1764067498.4964895}, {"type": "sell", "source": "Binance", "user": "Ambasel ", "price": 176.31780809861797, "vol_usd": 148114.7, "timestamp": 1764067498.4964972}, {"type": "sell", "source": "Binance", "user": "Ambasel ", "price": 176.31780809861797, "vol_usd": 5.6600000000034925, "timestamp": 1764067498.496505}, {"type": "buy", "source": "Binance", "user": "MAYA-Bit", "price": 176.31780809861797, "vol_usd": 70199.68, "timestamp": 1764067498.4965189}, {"type": "buy", "source": "Binance", "user": "Fast_-Pay", "price": 176.30780708851594, "vol_usd": 87549.28000000001, "timestamp": 1764067498.4965367}, {"type": "buy", "source": "Binance", "user": "ABCtrading", "price": 176.30780708851594, "vol_usd": 5.94999999999709, "timestamp": 1764067498.4965467}, {"type": "sell", "source": "Binance", "user": "daily hustler ", "price": 175.56773234096644, "vol_usd": 18149.14, "timestamp": 1764067498.4965966}, {"type": "sell", "source": "Binance", "user": "daily hustler ", "price": 175.56773234096644, "vol_usd": 4761.830000000002, "timestamp": 1764067498.496605}, {"type": "buy", "source": "Binance", "user": "P2P-725zs1Ilo", "price": 175.56773234096644, "vol_usd": 2488.479999999996, "timestamp": 1764067498.4966264}, {"type": "sell", "source": "Binance", "user": "Alazargasol", "price": 175.22769799749776, "vol_usd": 1099.9500000000007, "timestamp": 1764067498.4966717}, {"type": "sell", "source": "Binance", "user": "HT2424", "price": 176.31798443441232, "vol_usd": 10078.739999999998, "timestamp": 1764068086.123165}, {"type": "sell", "source": "Binance", "user": "Gitsini", "price": 176.31798443441232, "vol_usd": 29.950000000000728, "timestamp": 1764068086.123191}, {"type": "sell", "source": "Binance", "user": "McM p7", "price": 176.31798443441232, "vol_usd": 47403.48000000001, "timestamp": 1764068086.123213}, {"type": "sell", "source": "Binance", "user": "SKY-blue77", "price": 176.31798443441232, "vol_usd": 22663.47, "timestamp": 1764068086.1232328}, {"type": "buy", "source": "Binance", "user": "SabbanFastTrader", "price": 176.31798443441232, "vol_usd": 3891.3099999999977, "timestamp": 1764068086.1232455}, {"type": "buy", "source": "Binance", "user": "SabbanFastTrader", "price": 176.31798443441232, "vol_usd": 10248.069999999992, "timestamp": 1764068086.1232555}, {"type": "buy", "source": "Binance", "user": "SabbanFastTrader", "price": 176.31798443441232, "vol_usd": 5778.0899999999965, "timestamp": 1764068086.1232686}, {"type": "buy", "source": "Binance", "user": "MAYA-Bit", "price": 176.31798443441232, "vol_usd": 48881.04, "timestamp": 1764068086.1232865}, {"type": "buy", "source": "Binance", "user": "MAYA-Bit", "price": 176.31798443441232, "vol_usd": 72366.73000000001, "timestamp": 1764068086.1232986}, {"type": "sell", "source": "Binance", "user": "sayid12", "price": 176.31798443441232, "vol_usd": 15.900000000001455, "timestamp": 1764068086.1233077}, {"type": "sell", "source": "Binance", "user": "Aslam72", "price": 176.31798443441232, "vol_usd": 10017.470000000001, "timestamp": 1764068086.1233175}, {"type": "sell", "source": "Binance", "user": "Aslam72", "price": 176.31798443441232, "vol_usd": 9.94999999999709, "timestamp": 1764068086.1233287}, {"type": "sell", "source": "Binance", "user": "ETHO  KENYAA", "price": 176.31798443441232, "vol_usd": 300.1199999999999, "timestamp": 1764068086.1233435}, {"type": "buy", "source": "Binance", "user": "SafeHold ", "price": 176.31798443441232, "vol_usd": 10122.410000000003, "timestamp": 1764068086.1233535}, {"type": "buy", "source": "Binance", "user": "SafeHold ", "price": 176.31798443441232, "vol_usd": 13887.11, "timestamp": 1764068086.123363}, {"type": "sell", "source": "Binance", "user": "Always-trade", "price": 176.31798443441232, "vol_usd": 1305274.25, "timestamp": 1764068086.123373}, {"type": "buy", "source": "Binance", "user": "Amana_Traders ", "price": 176.31798443441232, "vol_usd": 993.9600000000064, "timestamp": 1764068086.1233993}, {"type": "sell", "source": "Binance", "user": "Amana_Traders ", "price": 176.31798443441232, "vol_usd": 8264.689999999988, "timestamp": 1764068086.1234164}, {"type": "buy", "source": "Binance", "user": "The Flash ETB ", "price": 176.31798443441232, "vol_usd": 16095.589999999997, "timestamp": 1764068086.123456}, {"type": "buy", "source": "Binance", "user": "Ambasel ", "price": 176.31798443441232, "vol_usd": 780386.37, "timestamp": 1764068086.1234796}, {"type": "sell", "source": "Binance", "user": "Ambasel ", "price": 176.31798443441232, "vol_usd": 148109.04, "timestamp": 1764068086.1234937}, {"type": "buy", "source": "Binance", "user": "MAYA-Bit", "price": 176.31798443441232, "vol_usd": 70199.68, "timestamp": 1764068086.123505}, {"type": "buy", "source": "Binance", "user": "Fast_-Pay", "price": 176.30798341430827, "vol_usd": 87549.28000000001, "timestamp": 1764068086.123529}, {"type": "sell", "source": "Binance", "user": "daily hustler ", "price": 175.56790792660854, "vol_usd": 18149.14, "timestamp": 1764068086.1235857}, {"type": "sell", "source": "Binance", "user": "daily hustler ", "price": 175.56790792660854, "vol_usd": 4761.830000000002, "timestamp": 1764068086.1235974}, {"type": "buy", "source": "Binance", "user": "P2P-725zs1Ilo", "price": 175.56790792660854, "vol_usd": 2488.479999999996, "timestamp": 1764068086.1236167}, {"type": "sell", "source": "Binance", "user": "tradingfirm", "price": 175.2478752832789, "vol_usd": 10.489999999999998, "timestamp": 1764068086.1236744}, {"type": "sell", "source": "Binance", "user": "ETHIO_TRADER_01", "price": 176.3286908412292, "vol_usd": 99.94999999999709, "timestamp": 1764068569.7503488}, {"type": "sell", "source": "Binance", "user": "HT2424", "price": 176.31868978111683, "vol_usd": 10078.739999999998, "timestamp": 1764068569.7503786}, {"type": "sell", "source": "Binance", "user": "McM p7", "price": 176.31868978111683, "vol_usd": 47403.48000000001, "timestamp": 1764068569.7504034}, {"type": "sell", "source": "Binance", "user": "SKY-blue77", "price": 176.31868978111683, "vol_usd": 22663.47, "timestamp": 1764068569.7504148}, {"type": "buy", "source": "Binance", "user": "SabbanFastTrader", "price": 176.31868978111683, "vol_usd": 3891.3099999999977, "timestamp": 1764068569.750431}, {"type": "buy", "source": "Binance", "user": "SabbanFastTrader", "price": 176.31868978111683, "vol_usd": 10248.069999999992, "timestamp": 1764068569.750467}, {"type": "buy", "source": "Binance", "user": "SabbanFastTrader", "price": 176.31868978111683, "vol_usd": 5778.0899999999965, "timestamp": 1764068569.7504795}, {"type": "buy", "source": "Binance", "user": "MAYA-Bit", "price": 176.31868978111683, "vol_usd": 48881.04, "timestamp": 1764068569.7505772}, {"type": "buy", "source": "Binance", "user": "MAYA-Bit", "price": 176.31868978111683, "vol_usd": 72366.73000000001, "timestamp": 1764068569.750589}, {"type": "sell", "source": "Binance", "user": "Aslam72", "price": 176.31868978111683, "vol_usd": 10110.050000000003, "timestamp": 1764068569.750598}, {"type": "sell", "source": "Binance", "user": "Aslam72", "price": 176.31868978111683, "vol_usd": 9.950000000004366, "timestamp": 1764068569.7506073}, {"type": "sell", "source": "Binance", "user": "ETHO  KENYAA", "price": 176.31868978111683, "vol_usd": 300.1199999999999, "timestamp": 1764068569.7506168}, {"type": "buy", "source": "Binance", "user": "SafeHold ", "price": 176.31868978111683, "vol_usd": 10122.410000000003, "timestamp": 1764068569.750628}, {"type": "buy", "source": "Binance", "user": "SafeHold ", "price": 176.31868978111683, "vol_usd": 13887.11, "timestamp": 1764068569.7506392}, {"type": "sell", "source": "Binance", "user": "Always-trade", "price": 176.31868978111683, "vol_usd": 1305274.25, "timestamp": 1764068569.7506504}, {"type": "buy", "source": "Binance", "user": "Amana_Traders ", "price": 176.31868978111683, "vol_usd": 993.9600000000064, "timestamp": 1764068569.750662}, {"type": "sell", "source": "Binance", "user": "Amana_Traders ", "price": 176.31868978111683, "vol_usd": 8264.689999999988, "timestamp": 1764068569.7506711}, {"type": "buy", "source": "Binance", "user": "The Flash ETB ", "price": 176.31868978111683, "vol_usd": 15968.430000000008, "timestamp": 1764068569.7507236}, {"type": "buy", "source": "Binance", "user": "Ambasel ", "price": 176.31868978111683, "vol_usd": 780386.37, "timestamp": 1764068569.7507453}, {"type": "sell", "source": "Binance", "user": "Ambasel ", "price": 176.31868978111683, "vol_usd": 148109.04, "timestamp": 1764068569.7507544}, {"type": "buy", "source": "Binance", "user": "MAYA-Bit", "price": 176.31868978111683, "vol_usd": 70199.68, "timestamp": 1764068569.750767}, {"type": "sell", "source": "Binance", "user": "p2p-welcome ", "price": 176.31868978111683, "vol_usd": 149.95000000000437, "timestamp": 1764068569.750786}, {"type": "buy", "source": "Binance", "user": "Fast_-Pay", "price": 176.30868872100442, "vol_usd": 87549.28000000001, "timestamp": 1764068569.7507946}, {"type": "sell", "source": "Binance", "user": "daily hustler ", "price": 175.56861027268891, "vol_usd": 18149.14, "timestamp": 1764068569.7508588}, {"type": "sell", "source": "Binance", "user": "daily hustler ", "price": 175.56861027268891, "vol_usd": 4761.830000000002, "timestamp": 1764068569.7508674}, {"type": "buy", "source": "Binance", "user": "P2P-725zs1Ilo", "price": 175.56861027268891, "vol_usd": 2488.479999999996, "timestamp": 1764068569.7508912}, {"type": "sell", "source": "Binance", "user": "asse-go-trade", "price": 175.56861027268891, "vol_usd": 7.950000000000728, "timestamp": 1764068569.7509048}, {"type": "sell", "source": "Binance", "user": "ETHIO_TRADER_01", "price": 176.33468685615986, "vol_usd": 34.890000000003056, "timestamp": 1764069229.7975643}, {"type": "sell", "source": "Binance", "user": "HT2424", "price": 176.32468545596385, "vol_usd": 10124.649999999998, "timestamp": 1764069229.7975864}, {"type": "sell", "source": "Binance", "user": "Gitsini", "price": 176.32468545596385, "vol_usd": 39.94999999999709, "timestamp": 1764069229.797596}, {"type": "sell", "source": "Binance", "user": "Top_Rate_Deals", "price": 176.32468545596385, "vol_usd": 907.539999999999, "timestamp": 1764069229.7976136}, {"type": "sell", "source": "Binance", "user": "McM p7", "price": 176.32468545596385, "vol_usd": 47403.48000000001, "timestamp": 1764069229.7976327}, {"type": "sell", "source": "Binance", "user": "McM p7", "price": 176.32468545596385, "vol_usd": 34.95000000001164, "timestamp": 1764069229.7976444}, {"type": "sell", "source": "Binance", "user": "SKY-blue77", "price": 176.32468545596385, "vol_usd": 22663.47, "timestamp": 1764069229.7976558}, {"type": "buy", "source": "Binance", "user": "SabbanFastTrader", "price": 176.32468545596385, "vol_usd": 3891.3099999999977, "timestamp": 1764069229.7976694}, {"type": "buy", "source": "Binance", "user": "SabbanFastTrader", "price": 176.32468545596385, "vol_usd": 10248.069999999992, "timestamp": 1764069229.797691}, {"type": "buy", "source": "Binance", "user": "SabbanFastTrader", "price": 176.32468545596385, "vol_usd": 5778.0899999999965, "timestamp": 1764069229.7977023}, {"type": "buy", "source": "Binance", "user": "MAYA-Bit", "price": 176.32468545596385, "vol_usd": 48881.04, "timestamp": 1764069229.7977505}, {"type": "buy", "source": "Binance", "user": "MAYA-Bit", "price": 176.32468545596385, "vol_usd": 72366.73000000001, "timestamp": 1764069229.7977605}, {"type": "sell", "source": "Binance", "user": "Aslam72", "price": 176.32468545596385, "vol_usd": 10100.099999999999, "timestamp": 1764069229.7977703}, {"type": "sell", "source": "Binance", "user": "ETHO  KENYAA", "price": 176.32468545596385, "vol_usd": 300.1199999999999, "timestamp": 1764069229.7977808}, {"type": "buy", "source": "Binance", "user": "SafeHold ", "price": 176.32468545596385, "vol_usd": 10122.410000000003, "timestamp": 1764069229.7977912}, {"type": "buy", "source": "Binance", "user": "SafeHold ", "price": 176.32468545596385, "vol_usd": 13887.11, "timestamp": 1764069229.7977998}, {"type": "sell", "source": "Binance", "user": "Always-trade", "price": 176.32468545596385, "vol_usd": 1305274.25, "timestamp": 1764069229.7978091}, {"type": "buy", "source": "Binance", "user": "Amana_Traders ", "price": 176.32468545596385, "vol_usd": 993.9600000000064, "timestamp": 1764069229.7978199}, {"type": "sell", "source": "Binance", "user": "Amana_Traders ", "price": 176.32468545596385, "vol_usd": 8264.689999999988, "timestamp": 1764069229.7978282}, {"type": "buy", "source": "Binance", "user": "The Flash ETB ", "price": 176.32468545596385, "vol_usd": 15651.199999999997, "timestamp": 1764069229.7978697}, {"type": "buy", "source": "Binance", "user": "Ambasel ", "price": 176.32468545596385, "vol_usd": 780386.37, "timestamp": 1764069229.7978864}, {"type": "sell", "source": "Binance", "user": "Ambasel ", "price": 176.32468545596385, "vol_usd": 148109.04, "timestamp": 1764069229.7978935}, {"type": "buy", "source": "Binance", "user": "MAYA-Bit", "price": 176.32468545596385, "vol_usd": 70199.68, "timestamp": 1764069229.7979035}, {"type": "buy", "source": "Binance", "user": "Fast_-Pay", "price": 176.3146840557678, "vol_usd": 87549.28000000001, "timestamp": 1764069229.7979205}, {"type": "sell", "source": "Binance", "user": "daily hustler ", "price": 175.5745804412618, "vol_usd": 18149.14, "timestamp": 1764069229.7979698}, {"type": "sell", "source": "Binance", "user": "daily hustler ", "price": 175.5745804412618, "vol_usd": 4761.830000000002, "timestamp": 1764069229.7979784}, {"type": "buy", "source": "Binance", "user": "P2P-725zs1Ilo", "price": 175.5745804412618, "vol_usd": 2488.479999999996, "timestamp": 1764069229.7980003}, {"type": "sell", "source": "Binance", "user": "ETHIO_TRADER_01", "price": 176.33398142147334, "vol_usd": 29.94999999999709, "timestamp": 1764069995.0432394}, {"type": "sell", "source": "Binance", "user": "REAL-MONEY", "price": 176.33398142147334, "vol_usd": 597.8499999999985, "timestamp": 1764069995.043265}, {"type": "sell", "source": "Binance", "user": "HT2424", "price": 176.32398006128835, "vol_usd": 10124.649999999998, "timestamp": 1764069995.043277}, {"type": "sell", "source": "Binance", "user": "AaaaaaaaFast", "price": 176.32398006128835, "vol_usd": 15.619999999995343, "timestamp": 1764069995.0432987}, {"type": "sell", "source": "Binance", "user": "McM p7", "price": 176.32398006128835, "vol_usd": 47368.53, "timestamp": 1764069995.0433137}, {"type": "sell", "source": "Binance", "user": "SKY-blue77", "price": 176.32398006128835, "vol_usd": 22663.47, "timestamp": 1764069995.0433352}, {"type": "buy", "source": "Binance", "user": "SabbanFastTrader", "price": 176.32398006128835, "vol_usd": 3891.3099999999977, "timestamp": 1764069995.0433533}, {"type": "buy", "source": "Binance", "user": "SabbanFastTrader", "price": 176.32398006128835, "vol_usd": 10248.069999999992, "timestamp": 1764069995.0433702}