[{"type": "trade", "source": "Binance", "user": "ETHIO_TRADER_01", "price": 176.33556865745533, "vol_usd": 78.09999999999854, "timestamp": 1764052786.3017392}, {"type": "trade", "source": "Binance", "user": "HT2424", "price": 176.32556720724506, "vol_usd": 6723.43, "timestamp": 1764052786.301779}, {"type": "trade", "source": "Binance", "user": "AaaaaaaaFast", "price": 176.32556720724506, "vol_usd": 43.20999999999913, "timestamp": 1764052786.301799}, {"type": "trade", "source": "Binance", "user": "McM p7", "price": 176.32556720724506, "vol_usd": 43579.770000000004, "timestamp": 1764052786.301807}, {"type": "trade", "source": "Binance", "user": "SKY-blue77", "price": 176.32556720724506, "vol_usd": 22164.809999999998, "timestamp": 1764052786.3018162}, {"type": "trade", "source": "Binance", "user": "sayid12", "price": 176.32556720724506, "vol_usd": 19.400000000001455, "timestamp": 1764052786.3018405}, {"type": "trade", "source": "Binance", "user": "Aslam72", "price": 176.32556720724506, "vol_usd": 9545.330000000002, "timestamp": 1764052786.3018496}, {"type": "trade", "source": "Binance", "user": "ETHO  KENYAA", "price": 176.32556720724506, "vol_usd": 300.1199999999999, "timestamp": 1764052786.3018575}, {"type": "trade", "source": "Binance", "user": "Always-trade", "price": 176.32556720724506, "vol_usd": 1305056.65, "timestamp": 1764052786.30187}, {"type": "trade", "source": "Binance", "user": "Amana_Traders ", "price": 176.32556720724506, "vol_usd": 8264.689999999988, "timestamp": 1764052786.3018794}, {"type": "trade", "source": "Binance", "user": "Zenith-UA", "price": 176.32556720724506, "vol_usd": 21.290000000000873, "timestamp": 1764052786.301909}, {"type": "trade", "source": "Binance", "user": "Ambasel ", "price": 176.32556720724506, "vol_usd": 148142.56999999998, "timestamp": 1764052786.30193}, {"type": "trade", "source": "Binance", "user": "MAYA-Bit", "price": 176.32556720724506, "vol_usd": 3486.8099999999977, "timestamp": 1764052786.3019462}, {"type": "trade", "source": "Binance", "user": "daily hustler ", "price": 175.575458441474, "vol_usd": 18149.14, "timestamp": 1764052786.3020074}, {"type": "trade", "source": "Binance", "user": "daily hustler ", "price": 175.575458441474, "vol_usd": 4761.830000000002, "timestamp": 1764052786.3020263}, {"type": "trade", "source": "Binance", "user": "IamH21", "price": 175.54545409084318, "vol_usd": 33.74000000000001, "timestamp": 1764052786.302058}, {"type": "trade", "source": "Binance", "user": "Eye-Trader", "price": 174.63532212170765, "vol_usd": 866.6000000000004, "timestamp": 1764052786.3021626}, {"type": "trade", "source": "Binance", "user": "ETHIO USD", "price": 174.63532212170765, "vol_usd": 778.3099999999977, "timestamp": 1764052786.3021843}, {"type": "trade", "source": "Binance", "user": "ETHIO USD", "price": 174.63532212170765, "vol_usd": 3982.779999999999, "timestamp": 1764052786.302193}, {"type": "trade", "source": "Binance", "user": "HT2424", "price": 176.32327467225676, "vol_usd": 6723.43, "timestamp": 1764053631.2003942}, {"type": "trade", "source": "Binance", "user": "McM p7", "price": 176.32327467225676, "vol_usd": 43579.770000000004, "timestamp": 1764053631.2004328}, {"type": "trade", "source": "Binance", "user": "SKY-blue77", "price": 176.32327467225676, "vol_usd": 22164.809999999998, "timestamp": 1764053631.2004457}, {"type": "trade", "source": "Binance", "user": "sayid12", "price": 176.32327467225676, "vol_usd": 7.950000000000728, "timestamp": 1764053631.2004704}, {"type": "trade", "source": "Binance", "user": "Aslam72", "price": 176.32327467225676, "vol_usd": 9570.279999999999, "timestamp": 1764053631.200479}, {"type": "trade", "source": "Binance", "user": "ETHO  KENYAA", "price": 176.32327467225676, "vol_usd": 300.1199999999999, "timestamp": 1764053631.2004888}, {"type": "trade", "source": "Binance", "user": "Always-trade", "price": 176.32327467225676, "vol_usd": 1305056.65, "timestamp": 1764053631.2005033}, {"type": "trade", "source": "Binance", "user": "Amana_Traders ", "price": 176.32327467225676, "vol_usd": 8264.689999999988, "timestamp": 1764053631.2005138}, {"type": "trade", "source": "Binance", "user": "Zenith-UA", "price": 176.32327467225676, "vol_usd": 30.62000000000262, "timestamp": 1764053631.2005403}, {"type": "trade", "source": "Binance", "user": "Ambasel ", "price": 176.32327467225676, "vol_usd": 148139.41999999998, "timestamp": 1764053631.200569}, {"type": "trade", "source": "Binance", "user": "MAYA-Bit", "price": 176.32327467225676, "vol_usd": 1152.1800000000003, "timestamp": 1764053631.2006104}, {"type": "trade", "source": "Binance", "user": "daily hustler ", "price": 175.57317565918703, "vol_usd": 18149.14, "timestamp": 1764053631.2006562}, {"type": "trade", "source": "Binance", "user": "daily hustler ", "price": 175.57317565918703, "vol_usd": 4761.830000000002, "timestamp": 1764053631.200667}, {"type": "trade", "source": "Binance", "user": "AB-Mark", "price": 175.57317565918703, "vol_usd": 461.8199999999997, "timestamp": 1764053631.2006857}, {"type": "trade", "source": "Binance", "user": "P2P-725zs1Ilo", "price": 175.57317565918703, "vol_usd": 142.1999999999971, "timestamp": 1764053631.2007024}, {"type": "trade", "source": "Binance", "user": "Eye-Trader", "price": 174.63305156280632, "vol_usd": 866.6000000000004, "timestamp": 1764053631.2008064}, {"type": "trade", "source": "Binance", "user": "ETHIO USD", "price": 174.63305156280632, "vol_usd": 778.3099999999977, "timestamp": 1764053631.2008243}, {"type": "trade", "source": "Binance", "user": "ETHIO USD", "price": 174.63305156280632, "vol_usd": 3982.779999999999, "timestamp": 1764053631.2008317}, {"type": "trade", "source": "Binance", "user": "ETHIO_TRADER_01", "price": 176.32692738502897, "vol_usd": 49.95000000000073, "timestamp": 1764054135.992631}, {"type": "trade", "source": "Binance", "user": "REAL-MONEY", "price": 176.32692738502897, "vol_usd": 99.95000000000073, "timestamp": 1764054135.9926589}, {"type": "trade", "source": "Binance", "user": "HT2424", "price": 176.3169264249368, "vol_usd": 6723.43, "timestamp": 1764054135.9926667}, {"type": "trade", "source": "Binance", "user": "McM p7", "price": 176.3169264249368, "vol_usd": 43579.770000000004, "timestamp": 1764054135.9926803}, {"type": "trade", "source": "Binance", "user": "SKY-blue77", "price": 176.3169264249368, "vol_usd": 22164.809999999998, "timestamp": 1764054135.9926863}, {"type": "trade", "source": "Binance", "user": "Aslam72", "price": 176.3169264249368, "vol_usd": 9570.279999999999, "timestamp": 1764054135.9927022}, {"type": "trade", "source": "Binance", "user": "ETHO  KENYAA", "price": 176.3169264249368, "vol_usd": 300.1199999999999, "timestamp": 1764054135.9927075}, {"type": "trade", "source": "Binance", "user": "Always-trade", "price": 176.3169264249368, "vol_usd": 1305056.65, "timestamp": 1764054135.992721}, {"type": "trade", "source": "Binance", "user": "Amana_Traders ", "price": 176.3169264249368, "vol_usd": 8264.689999999988, "timestamp": 1764054135.9927325}, {"type": "trade", "source": "Binance", "user": "SafeHold ", "price": 176.3169264249368, "vol_usd": 42.94999999999709, "timestamp": 1764054135.9927862}, {"type": "trade", "source": "Binance", "user": "Ambasel ", "price": 176.3169264249368, "vol_usd": 148139.41999999998, "timestamp": 1764054135.992809}, {"type": "trade", "source": "Binance", "user": "MAYA-Bit", "price": 176.3169264249368, "vol_usd": 699.9500000000007, "timestamp": 1764054135.9928281}, {"type": "trade", "source": "Binance", "user": "daily hustler ", "price": 175.56685441802415, "vol_usd": 18149.14, "timestamp": 1764054135.9928825}, {"type": "trade", "source": "Binance", "user": "daily hustler ", "price": 175.56685441802415, "vol_usd": 4761.830000000002, "timestamp": 1764054135.9928951}, {"type": "trade", "source": "Binance", "user": "Eye-Trader", "price": 174.62676416936026, "vol_usd": 866.6000000000004, "timestamp": 1764054135.9929945}, {"type": "trade", "source": "Binance", "user": "ETHIO USD", "price": 174.62676416936026, "vol_usd": 778.3099999999977, "timestamp": 1764054135.9930072}, {"type": "trade", "source": "Binance", "user": "ETHIO USD", "price": 174.62676416936026, "vol_usd": 3982.779999999999, "timestamp": 1764054135.993015}, {"type": "trade", "source": "Binance", "user": "p2p treder2", "price": 174.62676416936026, "vol_usd": 3499.9500000000044, "timestamp": 1764054135.993029}, {"type": "trade", "source": "Binance", "user": "ETHIO_TRADER_01", "price": 176.32710372906172, "vol_usd": 39.95000000000073, "timestamp": 1764054805.5554643}, {"type": "trade", "source": "Binance", "user": "REAL-MONEY", "price": 176.32710372906172, "vol_usd": 338.3600000000006, "timestamp": 1764054805.5554938}, {"type": "trade", "source": "Binance", "user": "AaaaaaaaFast", "price": 176.31710275896762, "vol_usd": 47.70999999999913, "timestamp": 1764054805.5555096}, {"type": "trade", "source": "Binance", "user": "McM p7", "price": 176.31710275896762, "vol_usd": 43750.72, "timestamp": 1764054805.5555148}, {"type": "trade", "source": "Binance", "user": "McM p7", "price": 176.31710275896762, "vol_usd": 99.94999999999709, "timestamp": 1764054805.5555193}, {"type": "trade", "source": "Binance", "user": "SKY-blue77", "price": 176.31710275896762, "vol_usd": 22164.809999999998, "timestamp": 1764054805.555529}, {"type": "trade", "source": "Binance", "user": "Aslam72", "price": 176.31710275896762, "vol_usd": 9579.080000000002, "timestamp": 1764054805.5555763}, {"type": "trade", "source": "Binance", "user": "ETHO  KENYAA", "price": 176.31710275896762, "vol_usd": 300.1199999999999, "timestamp": 1764054805.555588}, {"type": "trade", "source": "Binance", "user": "Always-trade", "price": 176.31710275896762, "vol_usd": 1305056.65, "timestamp": 1764054805.555604}, {"type": "trade", "source": "Binance", "user": "Amana_Traders ", "price": 176.31710275896762, "vol_usd": 8264.689999999988, "timestamp": 1764054805.555616}, {"type": "trade", "source": "Binance", "user": "Zenith-UA", "price": 176.31710275896762, "vol_usd": 10.769999999996799, "timestamp": 1764054805.55565}, {"type": "trade", "source": "Binance", "user": "Ambasel ", "price": 176.31710275896762, "vol_usd": 148139.41999999998, "timestamp": 1764054805.5556731}, {"type": "trade", "source": "Binance", "user": "Ambasel ", "price": 176.31710275896762, "vol_usd": 10.489999999990687, "timestamp": 1764054805.5556808}, {"type": "trade", "source": "Binance", "user": "daily hustler ", "price": 175.5670300019102, "vol_usd": 18149.14, "timestamp": 1764054805.555735}, {"type": "trade", "source": "Binance", "user": "daily hustler ", "price": 175.5670300019102, "vol_usd": 4761.830000000002, "timestamp": 1764054805.555748}, {"type": "trade", "source": "Binance", "user": "Eye-Trader", "price": 174.6269388130649, "vol_usd": 866.6000000000004, "timestamp": 1764054805.5558476}, {"type": "trade", "source": "Binance", "user": "ETHIO USD", "price": 174.6269388130649, "vol_usd": 778.3099999999977, "timestamp": 1764054805.5558708}, {"type": "trade", "source": "Binance", "user": "ETHIO USD", "price": 174.6269388130649, "vol_usd": 3982.779999999999, "timestamp": 1764054805.5558784}, {"type": "trade", "source": "Binance", "user": "ETHIO_TRADER_01", "price": 176.32798545451638, "vol_usd": 133.63999999999942, "timestamp": 1764055621.3236096}, {"type": "trade", "source": "Binance", "user": "Gitsini", "price": 176.31798443441232, "vol_usd": 188.6700000000019, "timestamp": 1764055621.3236377}, {"type": "trade", "source": "Binance", "user": "instant_payee", "price": 176.31798443441232, "vol_usd": 1096.9, "timestamp": 1764055621.3236465}, {"type": "trade", "source": "Binance", "user": "McM p7", "price": 176.31798443441232, "vol_usd": 44650.67, "timestamp": 1764055621.3236566}, {"type": "trade", "source": "Binance", "user": "SKY-blue77", "price": 176.31798443441232, "vol_usd": 22164.809999999998, "timestamp": 1764055621.323662}, {"type": "trade", "source": "Binance", "user": "sayid12", "price": 176.31798443441232, "vol_usd": 250.61999999999898, "timestamp": 1764055621.3236852}, {"type": "trade", "source": "Binance", "user": "Aslam72", "price": 176.31798443441232, "vol_usd": 9645.599999999999, "timestamp": 1764055621.3236935}, {"type": "trade", "source": "Binance", "user": "ETHO  KENYAA", "price": 176.31798443441232, "vol_usd": 300.1199999999999, "timestamp": 1764055621.3237016}, {"type": "trade", "source": "Binance", "user": "Always-trade", "price": 176.31798443441232, "vol_usd": 1305056.65, "timestamp": 1764055621.323714}, {"type": "trade", "source": "Binance", "user": "Amana_Traders ", "price": 176.31798443441232, "vol_usd": 8264.689999999988, "timestamp": 1764055621.3237271}, {"type": "trade", "source": "Binance", "user": "Zenith-UA", "price": 176.31798443441232, "vol_usd": 5.950000000004366, "timestamp": 1764055621.323756}, {"type": "trade", "source": "Binance", "user": "Ambasel ", "price": 176.31798443441232, "vol_usd": 148128.93, "timestamp": 1764055621.3237786}, {"type": "trade", "source": "Binance", "user": "daily hustler ", "price": 175.56790792660854, "vol_usd": 18149.14, "timestamp": 1764055621.3238316}, {"type": "trade", "source": "Binance", "user": "daily hustler ", "price": 175.56790792660854, "vol_usd": 4761.830000000002, "timestamp": 1764055621.3238416}, {"type": "trade", "source": "Binance", "user": "AB-Mark", "price": 175.56790792660854, "vol_usd": 99.95000000000073, "timestamp": 1764055621.323857}, {"type": "trade", "source": "Binance", "user": "Eye-Trader", "price": 174.62781203682778, "vol_usd": 866.6000000000004, "timestamp": 1764055621.3239539}, {"type": "trade", "source": "Binance", "user": "ETHIO USD", "price": 174.62781203682778, "vol_usd": 778.3099999999977, "timestamp": 1764055621.3239734}, {"type": "trade", "source": "Binance", "user": "ETHIO USD", "price": 174.62781203682778, "vol_usd": 3982.779999999999, "timestamp": 1764055621.323984}, {"type": "sell", "source": "Binance", "user": "Gitsini", "price": 176.3116365680135, "vol_usd": 39.95000000000073, "timestamp": 1764056208.5878315}, {"type": "sell", "source": "Binance", "user": "AaaaaaaaFast", "price": 176.3116365680135, "vol_usd": 59.88000000000466, "timestamp": 1764056208.5878615}, {"type": "sell", "source": "Binance", "user": "McM p7", "price": 176.3116365680135, "vol_usd": 44750.619999999995, "timestamp": 1764056208.5878694}, {"type": "sell", "source": "Binance", "user": "SKY-blue77", "price": 176.3116365680135, "vol_usd": 22164.809999999998, "timestamp": 1764056208.5878758}, {"type": "buy", "source": "Binance", "user": "SabbanFastTrader", "price": 176.3116365680135, "vol_usd": 3856.2300000000105, "timestamp": 1764056208.587882}, {"type": "buy", "source": "Binance", "user": "SabbanFastTrader", "price": 176.3116365680135, "vol_usd": 10212.990000000005, "timestamp": 1764056208.5878873}, {"type": "buy", "source": "Binance", "user": "SabbanFastTrader", "price": 176.3116365680135, "vol_usd": 5743.010000000009, "timestamp": 1764056208.587892}, {"type": "buy", "source": "Binance", "user": "MAYA-Bit", "price": 176.3116365680135, "vol_usd": 50691.26, "timestamp": 1764056208.5879076}, {"type": "buy", "source": "Binance", "user": "MAYA-Bit", "price": 176.3116365680135, "vol_usd": 72310.01000000001, "timestamp": 1764056208.5879166}, {"type": "sell", "source": "Binance", "user": "Aslam72", "price": 176.3116365680135, "vol_usd": 9654.099999999999, "timestamp": 1764056208.5879257}, {"type": "sell", "source": "Binance", "user": "ETHO  KENYAA", "price": 176.3116365680135, "vol_usd": 300.1199999999999, "timestamp": 1764056208.5879345}, {"type": "buy", "source": "Binance", "user": "SafeHold ", "price": 176.3116365680135, "vol_usd": 10094.050000000003, "timestamp": 1764056208.5879443}, {"type": "buy", "source": "Binance", "user": "SafeHold ", "price": 176.3116365680135, "vol_usd": 13858.75, "timestamp": 1764056208.5879533}, {"type": "sell", "source": "Binance", "user": "Always-trade", "price": 176.3116365680135, "vol_usd": 1305056.65, "timestamp": 1764056208.5879676}, {"type": "buy", "source": "Binance", "user": "Amana_Traders ", "price": 176.3116365680135, "vol_usd": 993.9600000000064, "timestamp": 1764056208.5879788}, {"type": "sell", "source": "Binance", "user": "Amana_Traders ", "price": 176.3116365680135, "vol_usd": 8264.689999999988, "timestamp": 1764056208.5879872}, {"type": "sell", "source": "Binance", "user": "Autonline", "price": 176.3116365680135, "vol_usd": 52.950000000004366, "timestamp": 1764056208.5879977}, {"type": "buy", "source": "Binance", "user": "The Flash ETB ", "price": 176.3116365680135, "vol_usd": 19094.47, "timestamp": 1764056208.5880322}, {"type": "buy", "source": "Binance", "user": "Ambasel ", "price": 176.3116365680135, "vol_usd": 780369.4199999999, "timestamp": 1764056208.5880516}, {"type": "sell", "source": "Binance", "user": "Ambasel ", "price": 176.3116365680135, "vol_usd": 148128.93, "timestamp": 1764056208.5880601}, {"type": "buy", "source": "Binance", "user": "MAYA-Bit", "price": 176.3116365680135, "vol_usd": 70142.95999999999, "timestamp": 1764056208.5880706}, {"type": "buy", "source": "Binance", "user": "Fast_-Pay", "price": 176.3016359079699, "vol_usd": 87549.28000000001, "timestamp": 1764056208.588088}, {"type": "sell", "source": "Binance", "user": "daily hustler ", "price": 175.56158706474628, "vol_usd": 18149.14, "timestamp": 1764056208.5881333}, {"type": "sell", "source": "Binance", "user": "daily hustler ", "price": 175.56158706474628, "vol_usd": 4761.830000000002, "timestamp": 1764056208.5881445}, {"type": "buy", "source": "Binance", "user": "P2P-725zs1Ilo", "price": 175.56158706474628, "vol_usd": 2281.729999999996, "timestamp": 1764056208.5881653}]