[{"type": "trade", "source": "Binance", "user": "REAL-MONEY", "price": 176.33750865134962, "vol_usd": 56.70999999999913, "timestamp": 1764043484.0775669}, {"type": "trade", "source": "Binance", "user": "Gitsini", "price": 176.32750709110624, "vol_usd": 449.9500000000007, "timestamp": 1764043484.0776064}, {"type": "trade", "source": "Binance", "user": "McM p7", "price": 176.32750709110624, "vol_usd": 42034.11, "timestamp": 1764043484.0776265}, {"type": "trade", "source": "Binance", "user": "SKY-blue77", "price": 176.32750709110624, "vol_usd": 21814.90999999999, "timestamp": 1764043484.0776408}, {"type": "trade", "source": "Binance", "user": "Aslam72", "price": 176.32750709110624, "vol_usd": 9236.410000000003, "timestamp": 1764043484.0776563}, {"type": "trade", "source": "Binance", "user": "Aslam72", "price": 176.32750709110624, "vol_usd": 9.400000000001455, "timestamp": 1764043484.0776646}, {"type": "trade", "source": "Binance", "user": "ETHO  KENYAA", "price": 176.32750709110624, "vol_usd": 1300.0699999999997, "timestamp": 1764043484.0776718}, {"type": "trade", "source": "Binance", "user": "Always-trade", "price": 176.32750709110624, "vol_usd": 1304791.3299999998, "timestamp": 1764043484.0776844}, {"type": "trade", "source": "Binance", "user": "Amana_Traders ", "price": 176.32750709110624, "vol_usd": 8264.689999999988, "timestamp": 1764043484.077697}, {"type": "trade", "source": "Binance", "user": "Ambasel ", "price": 176.32750709110624, "vol_usd": 148165.72999999998, "timestamp": 1764043484.0777392}, {"type": "trade", "source": "Binance", "user": "FanToshi EXchange", "price": 176.3175055308628, "vol_usd": 7.779999999998836, "timestamp": 1764043484.077766}, {"type": "trade", "source": "Binance", "user": "daily hustler ", "price": 175.5773900728514, "vol_usd": 17722.190000000002, "timestamp": 1764043484.0778081}, {"type": "trade", "source": "Binance", "user": "daily hustler ", "price": 175.5773900728514, "vol_usd": 4761.830000000002, "timestamp": 1764043484.0778196}, {"type": "trade", "source": "Binance", "user": "Eye-Trader", "price": 174.63724340997197, "vol_usd": 866.6000000000004, "timestamp": 1764043484.077908}, {"type": "trade", "source": "Binance", "user": "ETHIO USD", "price": 174.63724340997197, "vol_usd": 778.3099999999977, "timestamp": 1764043484.0779202}, {"type": "trade", "source": "Binance", "user": "ETHIO USD", "price": 174.63724340997197, "vol_usd": 3982.779999999999, "timestamp": 1764043484.0779264}, {"type": "trade", "source": "Binance", "user": "Changeme21", "price": 174.63724340997197, "vol_usd": 189.80999999999767, "timestamp": 1764043484.0779395}, {"type": "trade", "source": "Binance", "user": "McM p7", "price": 176.33173971314838, "vol_usd": 42034.11, "timestamp": 1764044255.566077}, {"type": "trade", "source": "Binance", "user": "SKY-blue77", "price": 176.33173971314838, "vol_usd": 21814.90999999999, "timestamp": 1764044255.566118}, {"type": "trade", "source": "Binance", "user": "sayid12", "price": 176.33173971314838, "vol_usd": 21.32999999999811, "timestamp": 1764044255.5661516}, {"type": "trade", "source": "Binance", "user": "Aslam72", "price": 176.33173971314838, "vol_usd": 9242.18, "timestamp": 1764044255.5661616}, {"type": "trade", "source": "Binance", "user": "ETHO  KENYAA", "price": 176.33173971314838, "vol_usd": 1300.0699999999997, "timestamp": 1764044255.5661798}, {"type": "trade", "source": "Binance", "user": "Always-trade", "price": 176.33173971314838, "vol_usd": 1304791.3299999998, "timestamp": 1764044255.5661986}, {"type": "trade", "source": "Binance", "user": "Amana_Traders ", "price": 176.33173971314838, "vol_usd": 8264.689999999988, "timestamp": 1764044255.5662096}, {"type": "trade", "source": "Binance", "user": "Ambasel ", "price": 176.33173971314838, "vol_usd": 148162.9, "timestamp": 1764044255.5662537}, {"type": "trade", "source": "Binance", "user": "daily hustler ", "price": 175.581604688844, "vol_usd": 17722.190000000002, "timestamp": 1764044255.5663078}, {"type": "trade", "source": "Binance", "user": "daily hustler ", "price": 175.581604688844, "vol_usd": 4761.830000000002, "timestamp": 1764044255.566316}, {"type": "trade", "source": "Binance", "user": "Eye-Trader", "price": 174.64143545838252, "vol_usd": 866.6000000000004, "timestamp": 1764044255.56641}, {"type": "trade", "source": "Binance", "user": "ETHIO USD", "price": 174.64143545838252, "vol_usd": 778.3099999999977, "timestamp": 1764044255.5664215}, {"type": "trade", "source": "Binance", "user": "ETHIO USD", "price": 174.64143545838252, "vol_usd": 3982.779999999999, "timestamp": 1764044255.5664308}, {"type": "trade", "source": "Binance", "user": "Gitsini", "price": 176.3289179425426, "vol_usd": 72.95999999999913, "timestamp": 1764045194.0672784}, {"type": "trade", "source": "Binance", "user": "McM p7", "price": 176.3289179425426, "vol_usd": 42034.11, "timestamp": 1764045194.0673227}, {"type": "trade", "source": "Binance", "user": "SKY-blue77", "price": 176.3289179425426, "vol_usd": 21814.90999999999, "timestamp": 1764045194.0673358}, {"type": "trade", "source": "Binance", "user": "sayid12", "price": 176.3289179425426, "vol_usd": 40.960000000002765, "timestamp": 1764045194.0673833}, {"type": "trade", "source": "Binance", "user": "Aslam72", "price": 176.3289179425426, "vol_usd": 9252.129999999997, "timestamp": 1764045194.067393}, {"type": "trade", "source": "Binance", "user": "ETHO  KENYAA", "price": 176.3289179425426, "vol_usd": 1300.0699999999997, "timestamp": 1764045194.067404}, {"type": "trade", "source": "Binance", "user": "Always-trade", "price": 176.3289179425426, "vol_usd": 1304791.3299999998, "timestamp": 1764045194.0674202}, {"type": "trade", "source": "Binance", "user": "Amana_Traders ", "price": 176.3289179425426, "vol_usd": 8264.689999999988, "timestamp": 1764045194.0674317}, {"type": "trade", "source": "Binance", "user": "Ambasel ", "price": 176.3289179425426, "vol_usd": 148160.06999999998, "timestamp": 1764045194.0674741}, {"type": "trade", "source": "Binance", "user": "daily hustler ", "price": 175.57879492236728, "vol_usd": 17722.190000000002, "timestamp": 1764045194.0675368}, {"type": "trade", "source": "Binance", "user": "daily hustler ", "price": 175.57879492236728, "vol_usd": 4761.830000000002, "timestamp": 1764045194.0675566}, {"type": "trade", "source": "Binance", "user": "asse-go-trade", "price": 175.57879492236728, "vol_usd": 5.550000000001091, "timestamp": 1764045194.0675795}, {"type": "trade", "source": "Binance", "user": "Eye-Trader", "price": 174.6386407370809, "vol_usd": 866.6000000000004, "timestamp": 1764045194.0676565}, {"type": "trade", "source": "Binance", "user": "ETHIO USD", "price": 174.6386407370809, "vol_usd": 778.3099999999977, "timestamp": 1764045194.0676732}, {"type": "trade", "source": "Binance", "user": "ETHIO USD", "price": 174.6386407370809, "vol_usd": 3982.779999999999, "timestamp": 1764045194.0676823}, {"type": "trade", "source": "Binance", "user": "ETHIO_TRADER_01", "price": 176.34421077689072, "vol_usd": 113.43000000000029, "timestamp": 1764045909.9101145}, {"type": "trade", "source": "Binance", "user": "REAL-MONEY", "price": 176.34421077689072, "vol_usd": 29.950000000000728, "timestamp": 1764045909.9101534}, {"type": "trade", "source": "Binance", "user": "M E N H A A J _ 1", "price": 176.3342088365143, "vol_usd": 1312.9300000000003, "timestamp": 1764045909.9101737}, {"type": "trade", "source": "Binance", "user": "SPECIAL-GIFT", "price": 176.3342088365143, "vol_usd": 546.4099999999999, "timestamp": 1764045909.9101815}, {"type": "trade", "source": "Binance", "user": "AaaaaaaaFast", "price": 176.3342088365143, "vol_usd": 5.94999999999709, "timestamp": 1764045909.9101892}, {"type": "trade", "source": "Binance", "user": "McM p7", "price": 176.3342088365143, "vol_usd": 42601.31999999999, "timestamp": 1764045909.9101942}, {"type": "trade", "source": "Binance", "user": "SKY-blue77", "price": 176.3342088365143, "vol_usd": 21814.90999999999, "timestamp": 1764045909.910204}, {"type": "trade", "source": "Binance", "user": "Aslam72", "price": 176.3342088365143, "vol_usd": 9269.14, "timestamp": 1764045909.9102237}, {"type": "trade", "source": "Binance", "user": "ETHO  KENYAA", "price": 176.3342088365143, "vol_usd": 1300.0699999999997, "timestamp": 1764045909.9102387}, {"type": "trade", "source": "Binance", "user": "Always-trade", "price": 176.3342088365143, "vol_usd": 1304791.3299999998, "timestamp": 1764045909.9102542}, {"type": "trade", "source": "Binance", "user": "Amana_Traders ", "price": 176.3342088365143, "vol_usd": 8264.689999999988, "timestamp": 1764045909.9102693}, {"type": "trade", "source": "Binance", "user": "Ambasel ", "price": 176.3342088365143, "vol_usd": 148160.06999999998, "timestamp": 1764045909.9103227}, {"type": "trade", "source": "Binance", "user": "daily hustler ", "price": 175.58406330828183, "vol_usd": 17722.190000000002, "timestamp": 1764045909.9103806}, {"type": "trade", "source": "Binance", "user": "daily hustler ", "price": 175.58406330828183, "vol_usd": 4761.830000000002, "timestamp": 1764045909.910398}, {"type": "trade", "source": "Binance", "user": "Eye-Trader", "price": 174.64388091289712, "vol_usd": 866.6000000000004, "timestamp": 1764045909.9105048}, {"type": "trade", "source": "Binance", "user": "ETHIO USD", "price": 174.64388091289712, "vol_usd": 778.3099999999977, "timestamp": 1764045909.910523}, {"type": "trade", "source": "Binance", "user": "ETHIO USD", "price": 174.64388091289712, "vol_usd": 3982.779999999999, "timestamp": 1764045909.9105308}, {"type": "trade", "source": "Binance", "user": "AaaaaaaaFast", "price": 176.3486722335365, "vol_usd": 44.66000000000349, "timestamp": 1764046455.6832757}, {"type": "trade", "source": "Binance", "user": "McM p7", "price": 176.3486722335365, "vol_usd": 42601.31999999999, "timestamp": 1764046455.6833117}, {"type": "trade", "source": "Binance", "user": "SKY-blue77", "price": 176.3486722335365, "vol_usd": 21814.90999999999, "timestamp": 1764046455.683324}, {"type": "trade", "source": "Binance", "user": "sayid12", "price": 176.3486722335365, "vol_usd": 16.349999999998545, "timestamp": 1764046455.68343}, {"type": "trade", "source": "Binance", "user": "Aslam72", "price": 176.3486722335365, "vol_usd": 9269.14, "timestamp": 1764046455.6834507}, {"type": "trade", "source": "Binance", "user": "ETHO  KENYAA", "price": 176.3486722335365, "vol_usd": 1300.0699999999997, "timestamp": 1764046455.6834667}, {"type": "trade", "source": "Binance", "user": "Always-trade", "price": 176.3486722335365, "vol_usd": 1304791.3299999998, "timestamp": 1764046455.6834826}, {"type": "trade", "source": "Binance", "user": "Amana_Traders ", "price": 176.3486722335365, "vol_usd": 8264.689999999988, "timestamp": 1764046455.6834977}, {"type": "trade", "source": "Binance", "user": "real_cryptoo", "price": 176.3486722335365, "vol_usd": 90.75, "timestamp": 1764046455.6835394}, {"type": "trade", "source": "Binance", "user": "Ambasel ", "price": 176.3486722335365, "vol_usd": 148155.72, "timestamp": 1764046455.6835713}, {"type": "trade", "source": "Binance", "user": "nsri", "price": 176.3486722335365, "vol_usd": 8.5, "timestamp": 1764046455.6835833}, {"type": "trade", "source": "Binance", "user": "daily hustler ", "price": 175.59846517638871, "vol_usd": 17722.190000000002, "timestamp": 1764046455.6836326}, {"type": "trade", "source": "Binance", "user": "daily hustler ", "price": 175.59846517638871, "vol_usd": 4761.830000000002, "timestamp": 1764046455.6836436}, {"type": "trade", "source": "Binance", "user": "Eye-Trader", "price": 174.6582056647635, "vol_usd": 866.6000000000004, "timestamp": 1764046455.683744}, {"type": "trade", "source": "Binance", "user": "ETHIO USD", "price": 174.6582056647635, "vol_usd": 778.3099999999977, "timestamp": 1764046455.6837547}, {"type": "trade", "source": "Binance", "user": "ETHIO USD", "price": 174.6582056647635, "vol_usd": 3982.779999999999, "timestamp": 1764046455.6837595}]