[{"type": "trade", "source": "Binance", "user": "McM p7", "price": 176.33861815737646, "vol_usd": 42601.31999999999, "timestamp": 1764046925.878772}, {"type": "trade", "source": "Binance", "user": "SKY-blue77", "price": 176.33861815737646, "vol_usd": 21864.86, "timestamp": 1764046925.878803}, {"type": "trade", "source": "Binance", "user": "Aslam72", "price": 176.33861815737646, "vol_usd": 9297.489999999998, "timestamp": 1764046925.8788304}, {"type": "trade", "source": "Binance", "user": "ETHO  KENYAA", "price": 176.33861815737646, "vol_usd": 1300.0699999999997, "timestamp": 1764046925.878844}, {"type": "trade", "source": "Binance", "user": "Always-trade", "price": 176.33861815737646, "vol_usd": 1304791.3299999998, "timestamp": 1764046925.878858}, {"type": "trade", "source": "Binance", "user": "Amana_Traders ", "price": 176.33861815737646, "vol_usd": 8264.689999999988, "timestamp": 1764046925.878888}, {"type": "trade", "source": "Binance", "user": "Ambasel ", "price": 176.33861815737646, "vol_usd": 148155.72, "timestamp": 1764046925.8789346}, {"type": "trade", "source": "Binance", "user": "MAYA-Bit", "price": 176.33861815737646, "vol_usd": 249.95000000000073, "timestamp": 1764046925.8789563}, {"type": "trade", "source": "Binance", "user": "daily hustler ", "price": 175.58845387139783, "vol_usd": 17722.190000000002, "timestamp": 1764046925.8790038}, {"type": "trade", "source": "Binance", "user": "daily hustler ", "price": 175.58845387139783, "vol_usd": 4761.830000000002, "timestamp": 1764046925.8790157}, {"type": "trade", "source": "Binance", "user": "Eye-Trader", "price": 174.64824796630464, "vol_usd": 866.6000000000004, "timestamp": 1764046925.8790843}, {"type": "trade", "source": "Binance", "user": "ETHIO USD", "price": 174.64824796630464, "vol_usd": 778.3099999999977, "timestamp": 1764046925.8790965}, {"type": "trade", "source": "Binance", "user": "ETHIO USD", "price": 174.64824796630464, "vol_usd": 3982.779999999999, "timestamp": 1764046925.8791056}, {"type": "trade", "source": "Binance", "user": "Gitsini", "price": 176.3424985421487, "vol_usd": 55.669999999998254, "timestamp": 1764047595.9729419}, {"type": "trade", "source": "Binance", "user": "Tinsaye_Z_Ethiopia", "price": 176.3424985421487, "vol_usd": 133.45999999999913, "timestamp": 1764047595.972975}, {"type": "trade", "source": "Binance", "user": "AaaaaaaaFast", "price": 176.3424985421487, "vol_usd": 6.230000000003201, "timestamp": 1764047595.9729826}, {"type": "trade", "source": "Binance", "user": "McM p7", "price": 176.3424985421487, "vol_usd": 42651.26999999999, "timestamp": 1764047595.9729884}, {"type": "trade", "source": "Binance", "user": "SKY-blue77", "price": 176.3424985421487, "vol_usd": 21864.86, "timestamp": 1764047595.9729989}, {"type": "trade", "source": "Binance", "user": "Gedilove", "price": 176.3424985421487, "vol_usd": 283.9499999999998, "timestamp": 1764047595.97301}, {"type": "trade", "source": "Binance", "user": "Aslam72", "price": 176.3424985421487, "vol_usd": 9297.489999999998, "timestamp": 1764047595.9730248}, {"type": "trade", "source": "Binance", "user": "ETHO  KENYAA", "price": 176.3424985421487, "vol_usd": 1300.0699999999997, "timestamp": 1764047595.9730408}, {"type": "trade", "source": "Binance", "user": "Always-trade", "price": 176.3424985421487, "vol_usd": 1304791.3299999998, "timestamp": 1764047595.9730573}, {"type": "trade", "source": "Binance", "user": "Amana_Traders ", "price": 176.3424985421487, "vol_usd": 8264.689999999988, "timestamp": 1764047595.9730694}, {"type": "trade", "source": "Binance", "user": "Ambasel ", "price": 176.3424985421487, "vol_usd": 148155.72, "timestamp": 1764047595.973115}, {"type": "trade", "source": "Binance", "user": "MAYA-Bit", "price": 176.3424985421487, "vol_usd": 149.95000000000073, "timestamp": 1764047595.9731307}, {"type": "trade", "source": "Binance", "user": "dodohavq", "price": 176.32249372098676, "vol_usd": 9.950000000000273, "timestamp": 1764047595.973148}, {"type": "trade", "source": "Binance", "user": "daily hustler ", "price": 175.59231774857741, "vol_usd": 17722.190000000002, "timestamp": 1764047595.9731858}, {"type": "trade", "source": "Binance", "user": "daily hustler ", "price": 175.59231774857741, "vol_usd": 4761.830000000002, "timestamp": 1764047595.9731941}, {"type": "trade", "source": "Binance", "user": "AmEthan7 ", "price": 175.59231774857741, "vol_usd": 5.75, "timestamp": 1764047595.9732182}, {"type": "trade", "source": "Binance", "user": "Eye-Trader", "price": 174.65209115396812, "vol_usd": 866.6000000000004, "timestamp": 1764047595.9732997}, {"type": "trade", "source": "Binance", "user": "ETHIO USD", "price": 174.65209115396812, "vol_usd": 778.3099999999977, "timestamp": 1764047595.9733152}, {"type": "trade", "source": "Binance", "user": "ETHIO USD", "price": 174.65209115396812, "vol_usd": 3982.779999999999, "timestamp": 1764047595.9733224}, {"type": "trade", "source": "Binance", "user": "ETHIO_TRADER_01", "price": 176.35426492049504, "vol_usd": 49.95000000000073, "timestamp": 1764048422.9090002}, {"type": "trade", "source": "Binance", "user": "REAL-MONEY", "price": 176.35426492049504, "vol_usd": 521.1899999999987, "timestamp": 1764048422.9090245}, {"type": "trade", "source": "Binance", "user": "instant_payee", "price": 176.34426240986488, "vol_usd": 1399.9499999999998, "timestamp": 1764048422.9090338}, {"type": "trade", "source": "Binance", "user": "Tinsaye_Z_Ethiopia", "price": 176.34426240986488, "vol_usd": 361.9499999999971, "timestamp": 1764048422.9090424}, {"type": "trade", "source": "Binance", "user": "AaaaaaaaFast", "price": 176.34426240986488, "vol_usd": 14.180000000000291, "timestamp": 1764048422.9090474}, {"type": "trade", "source": "Binance", "user": "McM p7", "price": 176.34426240986488, "vol_usd": 42651.26999999999, "timestamp": 1764048422.9090574}, {"type": "trade", "source": "Binance", "user": "SKY-blue77", "price": 176.34426240986488, "vol_usd": 21864.86, "timestamp": 1764048422.909068}, {"type": "trade", "source": "Binance", "user": "sayid12", "price": 176.34426240986488, "vol_usd": 10.950000000000728, "timestamp": 1764048422.909091}, {"type": "trade", "source": "Binance", "user": "Aslam72", "price": 176.34426240986488, "vol_usd": 9347.440000000002, "timestamp": 1764048422.9091027}, {"type": "trade", "source": "Binance", "user": "ETHO  KENYAA", "price": 176.34426240986488, "vol_usd": 1300.0699999999997, "timestamp": 1764048422.9091108}, {"type": "trade", "source": "Binance", "user": "Always-trade", "price": 176.34426240986488, "vol_usd": 1304891.15, "timestamp": 1764048422.9091246}, {"type": "trade", "source": "Binance", "user": "Amana_Traders ", "price": 176.34426240986488, "vol_usd": 8264.689999999988, "timestamp": 1764048422.9091346}, {"type": "trade", "source": "Binance", "user": "Ambasel ", "price": 176.34426240986488, "vol_usd": 148155.72, "timestamp": 1764048422.9091766}, {"type": "trade", "source": "Binance", "user": "MAYA-Bit", "price": 176.34426240986488, "vol_usd": 149.95000000000073, "timestamp": 1764048422.9091904}, {"type": "trade", "source": "Binance", "user": "dodohavq", "price": 176.32425738860454, "vol_usd": 5.75, "timestamp": 1764048422.909213}, {"type": "trade", "source": "Binance", "user": "daily hustler ", "price": 175.59407411260227, "vol_usd": 17722.190000000002, "timestamp": 1764048422.9092808}, {"type": "trade", "source": "Binance", "user": "daily hustler ", "price": 175.59407411260227, "vol_usd": 4761.830000000002, "timestamp": 1764048422.909297}, {"type": "trade", "source": "Binance", "user": "Eye-Trader", "price": 174.65383811336648, "vol_usd": 866.6000000000004, "timestamp": 1764048422.9094012}, {"type": "trade", "source": "Binance", "user": "ETHIO USD", "price": 174.65383811336648, "vol_usd": 778.3099999999977, "timestamp": 1764048422.9094162}, {"type": "trade", "source": "Binance", "user": "ETHIO USD", "price": 174.65383811336648, "vol_usd": 3982.779999999999, "timestamp": 1764048422.9094243}, {"type": "trade", "source": "Binance", "user": "REAL-MONEY", "price": 176.3498550672452, "vol_usd": 64.90000000000146, "timestamp": 1764049144.894946}, {"type": "trade", "source": "Binance", "user": "SPECIAL-GIFT", "price": 176.3398528067343, "vol_usd": 523.9500000000007, "timestamp": 1764049144.8949847}, {"type": "trade", "source": "Binance", "user": "McM p7", "price": 176.3398528067343, "vol_usd": 42850.81999999999, "timestamp": 1764049144.8949997}, {"type": "trade", "source": "Binance", "user": "SKY-blue77", "price": 176.3398528067343, "vol_usd": 21864.86, "timestamp": 1764049144.89501}, {"type": "trade", "source": "Binance", "user": "sayid12", "price": 176.3398528067343, "vol_usd": 17.0099999999984, "timestamp": 1764049144.8950338}, {"type": "trade", "source": "Binance", "user": "Aslam72", "price": 176.3398528067343, "vol_usd": 9383.729999999996, "timestamp": 1764049144.8950415}, {"type": "trade", "source": "Binance", "user": "ETHO  KENYAA", "price": 176.3398528067343, "vol_usd": 1300.0699999999997, "timestamp": 1764049144.8950503}, {"type": "trade", "source": "Binance", "user": "Always-trade", "price": 176.3398528067343, "vol_usd": 1304891.15, "timestamp": 1764049144.895064}, {"type": "trade", "source": "Binance", "user": "Amana_Traders ", "price": 176.3398528067343, "vol_usd": 8264.689999999988, "timestamp": 1764049144.895075}, {"type": "trade", "source": "Binance", "user": "Ambasel ", "price": 176.3398528067343, "vol_usd": 148155.72, "timestamp": 1764049144.8951285}, {"type": "trade", "source": "Binance", "user": "daily hustler ", "price": 175.58968326841867, "vol_usd": 17722.190000000002, "timestamp": 1764049144.89519}, {"type": "trade", "source": "Binance", "user": "daily hustler ", "price": 175.58968326841867, "vol_usd": 4761.830000000002, "timestamp": 1764049144.8952043}, {"type": "trade", "source": "Binance", "user": "asse-go-trade", "price": 175.58968326841867, "vol_usd": 5.950000000000728, "timestamp": 1764049144.8952253}, {"type": "trade", "source": "Binance", "user": "Eye-Trader", "price": 174.64947078039637, "vol_usd": 866.6000000000004, "timestamp": 1764049144.8953109}, {"type": "trade", "source": "Binance", "user": "ETHIO USD", "price": 174.64947078039637, "vol_usd": 778.3099999999977, "timestamp": 1764049144.8953226}, {"type": "trade", "source": "Binance", "user": "ETHIO USD", "price": 174.64947078039637, "vol_usd": 3982.779999999999, "timestamp": 1764049144.895331}, {"type": "trade", "source": "Binance", "user": "ETHIO_TRADER_01", "price": 176.35849858711146, "vol_usd": 106.04999999999927, "timestamp": 1764049700.02275}, {"type": "trade", "source": "Binance", "user": "HT2424", "price": 176.348495836355, "vol_usd": 6668.48, "timestamp": 1764049700.0227797}, {"type": "trade", "source": "Binance", "user": "SPECIAL-GIFT", "price": 176.348495836355, "vol_usd": 499.9500000000007, "timestamp": 1764049700.022791}, {"type": "trade", "source": "Binance", "user": "AaaaaaaaFast", "price": 176.348495836355, "vol_usd": 38.89999999999418, "timestamp": 1764049700.0227985}, {"type": "trade", "source": "Binance", "user": "McM p7", "price": 176.348495836355, "vol_usd": 42850.81999999999, "timestamp": 1764049700.0228033}, {"type": "trade", "source": "Binance", "user": "SKY-blue77", "price": 176.348495836355, "vol_usd": 21864.86, "timestamp": 1764049700.0228112}, {"type": "trade", "source": "Binance", "user": "Aslam72", "price": 176.348495836355, "vol_usd": 9383.729999999996, "timestamp": 1764049700.0228379}, {"type": "trade", "source": "Binance", "user": "ETHO  KENYAA", "price": 176.348495836355, "vol_usd": 1300.0699999999997, "timestamp": 1764049700.0228472}, {"type": "trade", "source": "Binance", "user": "Always-trade", "price": 176.348495836355, "vol_usd": 1304891.15, "timestamp": 1764049700.02286}, {"type": "trade", "source": "Binance", "user": "Amana_Traders ", "price": 176.348495836355, "vol_usd": 8264.689999999988, "timestamp": 1764049700.0228698}, {"type": "trade", "source": "Binance", "user": "real_cryptoo", "price": 176.348495836355, "vol_usd": 185.90000000000146, "timestamp": 1764049700.0229008}, {"type": "trade", "source": "Binance", "user": "Super_trader9", "price": 176.348495836355, "vol_usd": 908.9499999999825, "timestamp": 1764049700.0229228}, {"type": "trade", "source": "Binance", "user": "Ambasel ", "price": 176.348495836355, "vol_usd": 148155.72, "timestamp": 1764049700.0229342}, {"type": "trade", "source": "Binance", "user": "Ambasel ", "price": 176.348495836355, "vol_usd": 10.290000000008149, "timestamp": 1764049700.0229442}, {"type": "trade", "source": "Binance", "user": "daily hustler ", "price": 175.59828952962067, "vol_usd": 17722.190000000002, "timestamp": 1764049700.0229983}, {"type": "trade", "source": "Binance", "user": "daily hustler ", "price": 175.59828952962067, "vol_usd": 4761.830000000002, "timestamp": 1764049700.023011}, {"type": "trade", "source": "Binance", "user": "Eye-Trader", "price": 174.65803095851362, "vol_usd": 866.6000000000004, "timestamp": 1764049700.02311}, {"type": "trade", "source": "Binance", "user": "ETHIO USD", "price": 174.65803095851362, "vol_usd": 778.3099999999977, "timestamp": 1764049700.0231247}, {"type": "trade", "source": "Binance", "user": "ETHIO USD", "price": 174.65803095851362, "vol_usd": 3982.779999999999, "timestamp": 1764049700.0231316}, {"type": "trade", "source": "Binance", "user": "HT2424", "price": 176.3447915770606, "vol_usd": 6668.48, "timestamp": 1764050170.998334}, {"type": "trade", "source": "Binance", "user": "AaaaaaaaFast", "price": 176.3447915770606, "vol_usd": 27.10000000000582, "timestamp": 1764050170.9983675}, {"type": "trade", "source": "Binance", "user": "McM p7", "price": 176.3447915770606, "vol_usd": 43650.76999999999, "timestamp": 1764050170.998375}, {"type": "trade", "source": "Binance", "user": "SKY-blue77", "price": 176.3447915770606, "vol_usd": 21864.86, "timestamp": 1764050170.9983811}, {"type": "trade", "source": "Binance", "user": "Aslam72", "price": 176.3447915770606, "vol_usd": 9493.769999999997, "timestamp": 1764050170.9983969}, {"type": "trade", "source": "Binance", "user": "ETHO  KENYAA", "price": 176.3447915770606, "vol_usd": 1300.0699999999997, "timestamp": 1764050170.998402}, {"type": "trade", "source": "Binance", "user": "Always-trade", "price": 176.3447915770606, "vol_usd": 1304891.15, "timestamp": 1764050170.998416}, {"type": "trade", "source": "Binance", "user": "Amana_Traders ", "price": 176.3447915770606, "vol_usd": 8264.689999999988, "timestamp": 1764050170.9984314}, {"type": "trade", "source": "Binance", "user": "Ambasel ", "price": 176.3447915770606, "vol_usd": 148145.43, "timestamp": 1764050170.9984782}, {"type": "trade", "source": "Binance", "user": "daily hustler ", "price": 175.5946010286613, "vol_usd": 18149.14, "timestamp": 1764050170.998535}, {"type": "trade", "source": "Binance", "user": "daily hustler ", "price": 175.5946010286613, "vol_usd": 4761.830000000002, "timestamp": 1764050170.9985452}, {"type": "trade", "source": "Binance", "user": "Eye-Trader", "price": 174.65436220800083, "vol_usd": 866.6000000000004, "timestamp": 1764050170.9986484}, {"type": "trade", "source": "Binance", "user": "ETHIO USD", "price": 174.65436220800083, "vol_usd": 778.3099999999977, "timestamp": 1764050170.9986634}, {"type": "trade", "source": "Binance", "user": "ETHIO USD", "price": 174.65436220800083, "vol_usd": 3982.779999999999, "timestamp": 1764050170.99867}, {"type": "trade", "source": "Binance", "user": "p2p treder2", "price": 174.65436220800083, "vol_usd": 2099.949999999997, "timestamp": 1764050170.9986818}]